HTSCSecurityID,MDDate,MDTime,SecurityIDSource,PreClosePx,TotalVolumeTrade,TotalValueTrade,LastPx,OpenPx,ClosePx,HighPx,LowPx,DiffPx1,TotalBuyQty,TotalSellQty,WeightedAvgBuyPx,WeightedAvgSellPx,BuyPrice1,BuyPrice2,BuyPrice3,BuyPrice4,BuyPrice5,BuyPrice6,BuyPrice7,BuyPrice8,BuyPrice9,BuyPrice10,BuyOrderQty1,BuyOrderQty2,BuyOrderQty3,BuyOrderQty4,BuyOrderQty5,BuyOrderQty6,BuyOrderQty7,BuyOrderQty8,BuyOrderQty9,BuyOrderQty10,SellPrice1,SellPrice2,SellPrice3,SellPrice4,SellPrice5,SellPrice6,SellPrice7,SellPrice8,SellPrice9,SellPrice10,SellOrderQty1,SellOrderQty2,SellOrderQty3,SellOrderQty4,SellOrderQty5,SellOrderQty6,SellOrderQty7,SellOrderQty8,SellOrderQty9,SellOrderQty10,BuyNumOrders1,BuyNumOrders2,BuyNumOrders3,BuyNumOrders4,BuyNumOrders5,BuyNumOrders6,BuyNumOrders7,BuyNumOrders8,BuyNumOrders9,BuyNumOrders10,SellNumOrders1,SellNumOrders2,SellNumOrders3,SellNumOrders4,SellNumOrders5,SellNumOrders6,SellNumOrders7,SellNumOrders8,SellNumOrders9,SellNumOrders10,TradingPhaseCode,UpdateTime1,MaxPx,MinPx
"688293.SH","2023.03.23","08:45:23.000",101,112.3,0,0,0,0,0,0,0,0,0,0,0,0,0,0,0,0,0,0,0,0,0,0,0,0,0,0,0,0,0,0,0,0,0,0,0,0,0,0,0,0,0,0,0,0,0,0,0,0,0,0,0,0,0,0,0,0,0,0,0,0,0,0,0,0,0,0,0,0,0,0,0,0,0,"2023.03.23T00:45:23.869",134.76,89.84
"688293.SH","2023.03.23","08:45:53.000",101,112.3,0,0,0,0,0,0,0,0,0,0,0,0,0,0,0,0,0,0,0,0,0,0,0,0,0,0,0,0,0,0,0,0,0,0,0,0,0,0,0,0,0,0,0,0,0,0,0,0,0,0,0,0,0,0,0,0,0,0,0,0,0,0,0,0,0,0,0,0,0,0,0,0,0,"2023.03.23T00:45:53.874",134.76,89.84
"688293.SH","2023.03.23","08:46:23.000",101,112.3,0,0,0,0,0,0,0,0,0,0,0,0,0,0,0,0,0,0,0,0,0,0,0,0,0,0,0,0,0,0,0,0,0,0,0,0,0,0,0,0,0,0,0,0,0,0,0,0,0,0,0,0,0,0,0,0,0,0,0,0,0,0,0,0,0,0,0,0,0,0,0,0,0,"2023.03.23T00:46:23.845",134.76,89.84
"688293.SH","2023.03.23","08:46:53.000",101,112.3,0,0,0,0,0,0,0,0,0,0,0,0,0,0,0,0,0,0,0,0,0,0,0,0,0,0,0,0,0,0,0,0,0,0,0,0,0,0,0,0,0,0,0,0,0,0,0,0,0,0,0,0,0,0,0,0,0,0,0,0,0,0,0,0,0,0,0,0,0,0,0,0,0,"2023.03.23T00:46:53.868",134.76,89.84
"688293.SH","2023.03.23","08:47:23.000",101,112.3,0,0,0,0,0,0,0,0,0,0,0,0,0,0,0,0,0,0,0,0,0,0,0,0,0,0,0,0,0,0,0,0,0,0,0,0,0,0,0,0,0,0,0,0,0,0,0,0,0,0,0,0,0,0,0,0,0,0,0,0,0,0,0,0,0,0,0,0,0,0,0,0,0,"2023.03.23T00:47:23.876",134.76,89.84
"688293.SH","2023.03.23","08:47:53.000",101,112.3,0,0,0,0,0,0,0,0,0,0,0,0,0,0,0,0,0,0,0,0,0,0,0,0,0,0,0,0,0,0,0,0,0,0,0,0,0,0,0,0,0,0,0,0,0,0,0,0,0,0,0,0,0,0,0,0,0,0,0,0,0,0,0,0,0,0,0,0,0,0,0,0,0,"2023.03.23T00:47:53.874",134.76,89.84
"688293.SH","2023.03.23","08:48:23.000",101,112.3,0,0,0,0,0,0,0,0,0,0,0,0,0,0,0,0,0,0,0,0,0,0,0,0,0,0,0,0,0,0,0,0,0,0,0,0,0,0,0,0,0,0,0,0,0,0,0,0,0,0,0,0,0,0,0,0,0,0,0,0,0,0,0,0,0,0,0,0,0,0,0,0,0,"2023.03.23T00:48:23.868",134.76,89.84
"688293.SH","2023.03.23","08:48:53.000",101,112.3,0,0,0,0,0,0,0,0,0,0,0,0,0,0,0,0,0,0,0,0,0,0,0,0,0,0,0,0,0,0,0,0,0,0,0,0,0,0,0,0,0,0,0,0,0,0,0,0,0,0,0,0,0,0,0,0,0,0,0,0,0,0,0,0,0,0,0,0,0,0,0,0,0,"2023.03.23T00:48:53.871",134.76,89.84
"688293.SH","2023.03.23","08:49:23.000",101,112.3,0,0,0,0,0,0,0,0,0,0,0,0,0,0,0,0,0,0,0,0,0,0,0,0,0,0,0,0,0,0,0,0,0,0,0,0,0,0,0,0,0,0,0,0,0,0,0,0,0,0,0,0,0,0,0,0,0,0,0,0,0,0,0,0,0,0,0,0,0,0,0,0,0,"2023.03.23T00:49:23.871",134.76,89.84
"688293.SH","2023.03.23","08:49:53.000",101,112.3,0,0,0,0,0,0,0,0,0,0,0,0,0,0,0,0,0,0,0,0,0,0,0,0,0,0,0,0,0,0,0,0,0,0,0,0,0,0,0,0,0,0,0,0,0,0,0,0,0,0,0,0,0,0,0,0,0,0,0,0,0,0,0,0,0,0,0,0,0,0,0,0,0,"2023.03.23T00:49:53.853",134.76,89.84
"688293.SH","2023.03.23","08:50:23.000",101,112.3,0,0,0,0,0,0,0,0,0,0,0,0,0,0,0,0,0,0,0,0,0,0,0,0,0,0,0,0,0,0,0,0,0,0,0,0,0,0,0,0,0,0,0,0,0,0,0,0,0,0,0,0,0,0,0,0,0,0,0,0,0,0,0,0,0,0,0,0,0,0,0,0,0,"2023.03.23T00:50:23.873",134.76,89.84
"688293.SH","2023.03.23","08:50:53.000",101,112.3,0,0,0,0,0,0,0,0,0,0,0,0,0,0,0,0,0,0,0,0,0,0,0,0,0,0,0,0,0,0,0,0,0,0,0,0,0,0,0,0,0,0,0,0,0,0,0,0,0,0,0,0,0,0,0,0,0,0,0,0,0,0,0,0,0,0,0,0,0,0,0,0,0,"2023.03.23T00:50:53.861",134.76,89.84
"688293.SH","2023.03.23","08:51:23.000",101,112.3,0,0,0,0,0,0,0,0,0,0,0,0,0,0,0,0,0,0,0,0,0,0,0,0,0,0,0,0,0,0,0,0,0,0,0,0,0,0,0,0,0,0,0,0,0,0,0,0,0,0,0,0,0,0,0,0,0,0,0,0,0,0,0,0,0,0,0,0,0,0,0,0,0,"2023.03.23T00:51:23.873",134.76,89.84
"688293.SH","2023.03.23","08:51:53.000",101,112.3,0,0,0,0,0,0,0,0,0,0,0,0,0,0,0,0,0,0,0,0,0,0,0,0,0,0,0,0,0,0,0,0,0,0,0,0,0,0,0,0,0,0,0,0,0,0,0,0,0,0,0,0,0,0,0,0,0,0,0,0,0,0,0,0,0,0,0,0,0,0,0,0,0,"2023.03.23T00:51:53.872",134.76,89.84
"688293.SH","2023.03.23","08:52:23.000",101,112.3,0,0,0,0,0,0,0,0,0,0,0,0,0,0,0,0,0,0,0,0,0,0,0,0,0,0,0,0,0,0,0,0,0,0,0,0,0,0,0,0,0,0,0,0,0,0,0,0,0,0,0,0,0,0,0,0,0,0,0,0,0,0,0,0,0,0,0,0,0,0,0,0,0,"2023.03.23T00:52:23.870",134.76,89.84
"688293.SH","2023.03.23","08:52:53.000",101,112.3,0,0,0,0,0,0,0,0,0,0,0,0,0,0,0,0,0,0,0,0,0,0,0,0,0,0,0,0,0,0,0,0,0,0,0,0,0,0,0,0,0,0,0,0,0,0,0,0,0,0,0,0,0,0,0,0,0,0,0,0,0,0,0,0,0,0,0,0,0,0,0,0,0,"2023.03.23T00:52:53.870",134.76,89.84
"688293.SH","2023.03.23","08:53:23.000",101,112.3,0,0,0,0,0,0,0,0,0,0,0,0,0,0,0,0,0,0,0,0,0,0,0,0,0,0,0,0,0,0,0,0,0,0,0,0,0,0,0,0,0,0,0,0,0,0,0,0,0,0,0,0,0,0,0,0,0,0,0,0,0,0,0,0,0,0,0,0,0,0,0,0,0,"2023.03.23T00:53:23.874",134.76,89.84
"688293.SH","2023.03.23","08:53:53.000",101,112.3,0,0,0,0,0,0,0,0,0,0,0,0,0,0,0,0,0,0,0,0,0,0,0,0,0,0,0,0,0,0,0,0,0,0,0,0,0,0,0,0,0,0,0,0,0,0,0,0,0,0,0,0,0,0,0,0,0,0,0,0,0,0,0,0,0,0,0,0,0,0,0,0,0,"2023.03.23T00:53:53.875",134.76,89.84
"688293.SH","2023.03.23","08:54:23.000",101,112.3,0,0,0,0,0,0,0,0,0,0,0,0,0,0,0,0,0,0,0,0,0,0,0,0,0,0,0,0,0,0,0,0,0,0,0,0,0,0,0,0,0,0,0,0,0,0,0,0,0,0,0,0,0,0,0,0,0,0,0,0,0,0,0,0,0,0,0,0,0,0,0,0,0,"2023.03.23T00:54:23.866",134.76,89.84
"688293.SH","2023.03.23","08:54:53.000",101,112.3,0,0,0,0,0,0,0,0,0,0,0,0,0,0,0,0,0,0,0,0,0,0,0,0,0,0,0,0,0,0,0,0,0,0,0,0,0,0,0,0,0,0,0,0,0,0,0,0,0,0,0,0,0,0,0,0,0,0,0,0,0,0,0,0,0,0,0,0,0,0,0,0,0,"2023.03.23T00:54:53.880",134.76,89.84
"688293.SH","2023.03.23","08:55:23.000",101,112.3,0,0,0,0,0,0,0,0,0,0,0,0,0,0,0,0,0,0,0,0,0,0,0,0,0,0,0,0,0,0,0,0,0,0,0,0,0,0,0,0,0,0,0,0,0,0,0,0,0,0,0,0,0,0,0,0,0,0,0,0,0,0,0,0,0,0,0,0,0,0,0,0,0,"2023.03.23T00:55:23.863",134.76,89.84
"688293.SH","2023.03.23","08:55:53.000",101,112.3,0,0,0,0,0,0,0,0,0,0,0,0,0,0,0,0,0,0,0,0,0,0,0,0,0,0,0,0,0,0,0,0,0,0,0,0,0,0,0,0,0,0,0,0,0,0,0,0,0,0,0,0,0,0,0,0,0,0,0,0,0,0,0,0,0,0,0,0,0,0,0,0,0,"2023.03.23T00:55:53.870",134.76,89.84
"688293.SH","2023.03.23","08:56:23.000",101,112.3,0,0,0,0,0,0,0,0,0,0,0,0,0,0,0,0,0,0,0,0,0,0,0,0,0,0,0,0,0,0,0,0,0,0,0,0,0,0,0,0,0,0,0,0,0,0,0,0,0,0,0,0,0,0,0,0,0,0,0,0,0,0,0,0,0,0,0,0,0,0,0,0,0,"2023.03.23T00:56:23.873",134.76,89.84
"688293.SH","2023.03.23","08:56:53.000",101,112.3,0,0,0,0,0,0,0,0,0,0,0,0,0,0,0,0,0,0,0,0,0,0,0,0,0,0,0,0,0,0,0,0,0,0,0,0,0,0,0,0,0,0,0,0,0,0,0,0,0,0,0,0,0,0,0,0,0,0,0,0,0,0,0,0,0,0,0,0,0,0,0,0,0,"2023.03.23T00:56:53.875",134.76,89.84
"688293.SH","2023.03.23","08:57:23.000",101,112.3,0,0,0,0,0,0,0,0,0,0,0,0,0,0,0,0,0,0,0,0,0,0,0,0,0,0,0,0,0,0,0,0,0,0,0,0,0,0,0,0,0,0,0,0,0,0,0,0,0,0,0,0,0,0,0,0,0,0,0,0,0,0,0,0,0,0,0,0,0,0,0,0,0,"2023.03.23T00:57:23.875",134.76,89.84
"688293.SH","2023.03.23","08:57:53.000",101,112.3,0,0,0,0,0,0,0,0,0,0,0,0,0,0,0,0,0,0,0,0,0,0,0,0,0,0,0,0,0,0,0,0,0,0,0,0,0,0,0,0,0,0,0,0,0,0,0,0,0,0,0,0,0,0,0,0,0,0,0,0,0,0,0,0,0,0,0,0,0,0,0,0,0,"2023.03.23T00:57:53.872",134.76,89.84
"688293.SH","2023.03.23","08:58:23.000",101,112.3,0,0,0,0,0,0,0,0,0,0,0,0,0,0,0,0,0,0,0,0,0,0,0,0,0,0,0,0,0,0,0,0,0,0,0,0,0,0,0,0,0,0,0,0,0,0,0,0,0,0,0,0,0,0,0,0,0,0,0,0,0,0,0,0,0,0,0,0,0,0,0,0,0,"2023.03.23T00:58:23.865",134.76,89.84
"688293.SH","2023.03.23","08:58:53.000",101,112.3,0,0,0,0,0,0,0,0,0,0,0,0,0,0,0,0,0,0,0,0,0,0,0,0,0,0,0,0,0,0,0,0,0,0,0,0,0,0,0,0,0,0,0,0,0,0,0,0,0,0,0,0,0,0,0,0,0,0,0,0,0,0,0,0,0,0,0,0,0,0,0,0,0,"2023.03.23T00:58:53.873",134.76,89.84
"688293.SH","2023.03.23","08:59:23.000",101,112.3,0,0,0,0,0,0,0,0,0,0,0,0,0,0,0,0,0,0,0,0,0,0,0,0,0,0,0,0,0,0,0,0,0,0,0,0,0,0,0,0,0,0,0,0,0,0,0,0,0,0,0,0,0,0,0,0,0,0,0,0,0,0,0,0,0,0,0,0,0,0,0,0,0,"2023.03.23T00:59:23.881",134.76,89.84
"688293.SH","2023.03.23","08:59:53.000",101,112.3,0,0,0,0,0,0,0,0,0,0,0,0,0,0,0,0,0,0,0,0,0,0,0,0,0,0,0,0,0,0,0,0,0,0,0,0,0,0,0,0,0,0,0,0,0,0,0,0,0,0,0,0,0,0,0,0,0,0,0,0,0,0,0,0,0,0,0,0,0,0,0,0,0,"2023.03.23T00:59:53.864",134.76,89.84
"688293.SH","2023.03.23","09:00:23.000",101,112.3,0,0,0,0,0,0,0,0,0,0,0,0,0,0,0,0,0,0,0,0,0,0,0,0,0,0,0,0,0,0,0,0,0,0,0,0,0,0,0,0,0,0,0,0,0,0,0,0,0,0,0,0,0,0,0,0,0,0,0,0,0,0,0,0,0,0,0,0,0,0,0,0,0,"2023.03.23T01:00:23.855",134.76,89.84
"688293.SH","2023.03.23","09:00:53.000",101,112.3,0,0,0,0,0,0,0,0,0,0,0,0,0,0,0,0,0,0,0,0,0,0,0,0,0,0,0,0,0,0,0,0,0,0,0,0,0,0,0,0,0,0,0,0,0,0,0,0,0,0,0,0,0,0,0,0,0,0,0,0,0,0,0,0,0,0,0,0,0,0,0,0,0,"2023.03.23T01:00:53.872",134.76,89.84
"688293.SH","2023.03.23","09:01:23.000",101,112.3,0,0,0,0,0,0,0,0,0,0,0,0,0,0,0,0,0,0,0,0,0,0,0,0,0,0,0,0,0,0,0,0,0,0,0,0,0,0,0,0,0,0,0,0,0,0,0,0,0,0,0,0,0,0,0,0,0,0,0,0,0,0,0,0,0,0,0,0,0,0,0,0,0,"2023.03.23T01:01:23.867",134.76,89.84
"688293.SH","2023.03.23","09:01:53.000",101,112.3,0,0,0,0,0,0,0,0,0,0,0,0,0,0,0,0,0,0,0,0,0,0,0,0,0,0,0,0,0,0,0,0,0,0,0,0,0,0,0,0,0,0,0,0,0,0,0,0,0,0,0,0,0,0,0,0,0,0,0,0,0,0,0,0,0,0,0,0,0,0,0,0,0,"2023.03.23T01:01:53.868",134.76,89.84
"688293.SH","2023.03.23","09:02:23.000",101,112.3,0,0,0,0,0,0,0,0,0,0,0,0,0,0,0,0,0,0,0,0,0,0,0,0,0,0,0,0,0,0,0,0,0,0,0,0,0,0,0,0,0,0,0,0,0,0,0,0,0,0,0,0,0,0,0,0,0,0,0,0,0,0,0,0,0,0,0,0,0,0,0,0,0,"2023.03.23T01:02:23.872",134.76,89.84
"688293.SH","2023.03.23","09:02:53.000",101,112.3,0,0,0,0,0,0,0,0,0,0,0,0,0,0,0,0,0,0,0,0,0,0,0,0,0,0,0,0,0,0,0,0,0,0,0,0,0,0,0,0,0,0,0,0,0,0,0,0,0,0,0,0,0,0,0,0,0,0,0,0,0,0,0,0,0,0,0,0,0,0,0,0,0,"2023.03.23T01:02:53.870",134.76,89.84
"688293.SH","2023.03.23","09:03:23.000",101,112.3,0,0,0,0,0,0,0,0,0,0,0,0,0,0,0,0,0,0,0,0,0,0,0,0,0,0,0,0,0,0,0,0,0,0,0,0,0,0,0,0,0,0,0,0,0,0,0,0,0,0,0,0,0,0,0,0,0,0,0,0,0,0,0,0,0,0,0,0,0,0,0,0,0,"2023.03.23T01:03:23.871",134.76,89.84
"688293.SH","2023.03.23","09:03:53.000",101,112.3,0,0,0,0,0,0,0,0,0,0,0,0,0,0,0,0,0,0,0,0,0,0,0,0,0,0,0,0,0,0,0,0,0,0,0,0,0,0,0,0,0,0,0,0,0,0,0,0,0,0,0,0,0,0,0,0,0,0,0,0,0,0,0,0,0,0,0,0,0,0,0,0,0,"2023.03.23T01:03:53.875",134.76,89.84
"688293.SH","2023.03.23","09:04:23.000",101,112.3,0,0,0,0,0,0,0,0,0,0,0,0,0,0,0,0,0,0,0,0,0,0,0,0,0,0,0,0,0,0,0,0,0,0,0,0,0,0,0,0,0,0,0,0,0,0,0,0,0,0,0,0,0,0,0,0,0,0,0,0,0,0,0,0,0,0,0,0,0,0,0,0,0,"2023.03.23T01:04:23.871",134.76,89.84
"688293.SH","2023.03.23","09:04:53.000",101,112.3,0,0,0,0,0,0,0,0,0,0,0,0,0,0,0,0,0,0,0,0,0,0,0,0,0,0,0,0,0,0,0,0,0,0,0,0,0,0,0,0,0,0,0,0,0,0,0,0,0,0,0,0,0,0,0,0,0,0,0,0,0,0,0,0,0,0,0,0,0,0,0,0,0,"2023.03.23T01:04:53.867",134.76,89.84
"688293.SH","2023.03.23","09:05:23.000",101,112.3,0,0,0,0,0,0,0,0,0,0,0,0,0,0,0,0,0,0,0,0,0,0,0,0,0,0,0,0,0,0,0,0,0,0,0,0,0,0,0,0,0,0,0,0,0,0,0,0,0,0,0,0,0,0,0,0,0,0,0,0,0,0,0,0,0,0,0,0,0,0,0,0,0,"2023.03.23T01:05:23.872",134.76,89.84
"688293.SH","2023.03.23","09:05:53.000",101,112.3,0,0,0,0,0,0,0,0,0,0,0,0,0,0,0,0,0,0,0,0,0,0,0,0,0,0,0,0,0,0,0,0,0,0,0,0,0,0,0,0,0,0,0,0,0,0,0,0,0,0,0,0,0,0,0,0,0,0,0,0,0,0,0,0,0,0,0,0,0,0,0,0,0,"2023.03.23T01:05:53.863",134.76,89.84
"688293.SH","2023.03.23","09:06:23.000",101,112.3,0,0,0,0,0,0,0,0,0,0,0,0,0,0,0,0,0,0,0,0,0,0,0,0,0,0,0,0,0,0,0,0,0,0,0,0,0,0,0,0,0,0,0,0,0,0,0,0,0,0,0,0,0,0,0,0,0,0,0,0,0,0,0,0,0,0,0,0,0,0,0,0,0,"2023.03.23T01:06:23.870",134.76,89.84
"688293.SH","2023.03.23","09:06:53.000",101,112.3,0,0,0,0,0,0,0,0,0,0,0,0,0,0,0,0,0,0,0,0,0,0,0,0,0,0,0,0,0,0,0,0,0,0,0,0,0,0,0,0,0,0,0,0,0,0,0,0,0,0,0,0,0,0,0,0,0,0,0,0,0,0,0,0,0,0,0,0,0,0,0,0,0,"2023.03.23T01:06:53.850",134.76,89.84
"688293.SH","2023.03.23","09:07:23.000",101,112.3,0,0,0,0,0,0,0,0,0,0,0,0,0,0,0,0,0,0,0,0,0,0,0,0,0,0,0,0,0,0,0,0,0,0,0,0,0,0,0,0,0,0,0,0,0,0,0,0,0,0,0,0,0,0,0,0,0,0,0,0,0,0,0,0,0,0,0,0,0,0,0,0,0,"2023.03.23T01:07:23.878",134.76,89.84
"688293.SH","2023.03.23","09:07:53.000",101,112.3,0,0,0,0,0,0,0,0,0,0,0,0,0,0,0,0,0,0,0,0,0,0,0,0,0,0,0,0,0,0,0,0,0,0,0,0,0,0,0,0,0,0,0,0,0,0,0,0,0,0,0,0,0,0,0,0,0,0,0,0,0,0,0,0,0,0,0,0,0,0,0,0,0,"2023.03.23T01:07:53.862",134.76,89.84
"688293.SH","2023.03.23","09:08:23.000",101,112.3,0,0,0,0,0,0,0,0,0,0,0,0,0,0,0,0,0,0,0,0,0,0,0,0,0,0,0,0,0,0,0,0,0,0,0,0,0,0,0,0,0,0,0,0,0,0,0,0,0,0,0,0,0,0,0,0,0,0,0,0,0,0,0,0,0,0,0,0,0,0,0,0,0,"2023.03.23T01:08:23.862",134.76,89.84
"688293.SH","2023.03.23","09:08:53.000",101,112.3,0,0,0,0,0,0,0,0,0,0,0,0,0,0,0,0,0,0,0,0,0,0,0,0,0,0,0,0,0,0,0,0,0,0,0,0,0,0,0,0,0,0,0,0,0,0,0,0,0,0,0,0,0,0,0,0,0,0,0,0,0,0,0,0,0,0,0,0,0,0,0,0,0,"2023.03.23T01:08:53.861",134.76,89.84
"688293.SH","2023.03.23","09:09:23.000",101,112.3,0,0,0,0,0,0,0,0,0,0,0,0,0,0,0,0,0,0,0,0,0,0,0,0,0,0,0,0,0,0,0,0,0,0,0,0,0,0,0,0,0,0,0,0,0,0,0,0,0,0,0,0,0,0,0,0,0,0,0,0,0,0,0,0,0,0,0,0,0,0,0,0,0,"2023.03.23T01:09:23.869",134.76,89.84
"688293.SH","2023.03.23","09:09:53.000",101,112.3,0,0,0,0,0,0,0,0,0,0,0,0,0,0,0,0,0,0,0,0,0,0,0,0,0,0,0,0,0,0,0,0,0,0,0,0,0,0,0,0,0,0,0,0,0,0,0,0,0,0,0,0,0,0,0,0,0,0,0,0,0,0,0,0,0,0,0,0,0,0,0,0,0,"2023.03.23T01:09:53.862",134.76,89.84
"688293.SH","2023.03.23","09:10:23.000",101,112.3,0,0,0,0,0,0,0,0,0,0,0,0,0,0,0,0,0,0,0,0,0,0,0,0,0,0,0,0,0,0,0,0,0,0,0,0,0,0,0,0,0,0,0,0,0,0,0,0,0,0,0,0,0,0,0,0,0,0,0,0,0,0,0,0,0,0,0,0,0,0,0,0,0,"2023.03.23T01:10:23.863",134.76,89.84
"688293.SH","2023.03.23","09:10:53.000",101,112.3,0,0,0,0,0,0,0,0,0,0,0,0,0,0,0,0,0,0,0,0,0,0,0,0,0,0,0,0,0,0,0,0,0,0,0,0,0,0,0,0,0,0,0,0,0,0,0,0,0,0,0,0,0,0,0,0,0,0,0,0,0,0,0,0,0,0,0,0,0,0,0,0,0,"2023.03.23T01:10:53.852",134.76,89.84
"688293.SH","2023.03.23","09:11:23.000",101,112.3,0,0,0,0,0,0,0,0,0,0,0,0,0,0,0,0,0,0,0,0,0,0,0,0,0,0,0,0,0,0,0,0,0,0,0,0,0,0,0,0,0,0,0,0,0,0,0,0,0,0,0,0,0,0,0,0,0,0,0,0,0,0,0,0,0,0,0,0,0,0,0,0,0,"2023.03.23T01:11:23.852",134.76,89.84
"688293.SH","2023.03.23","09:11:53.000",101,112.3,0,0,0,0,0,0,0,0,0,0,0,0,0,0,0,0,0,0,0,0,0,0,0,0,0,0,0,0,0,0,0,0,0,0,0,0,0,0,0,0,0,0,0,0,0,0,0,0,0,0,0,0,0,0,0,0,0,0,0,0,0,0,0,0,0,0,0,0,0,0,0,0,0,"2023.03.23T01:11:53.853",134.76,89.84
"688293.SH","2023.03.23","09:12:23.000",101,112.3,0,0,0,0,0,0,0,0,0,0,0,0,0,0,0,0,0,0,0,0,0,0,0,0,0,0,0,0,0,0,0,0,0,0,0,0,0,0,0,0,0,0,0,0,0,0,0,0,0,0,0,0,0,0,0,0,0,0,0,0,0,0,0,0,0,0,0,0,0,0,0,0,0,"2023.03.23T01:12:23.879",134.76,89.84
"688293.SH","2023.03.23","09:12:53.000",101,112.3,0,0,0,0,0,0,0,0,0,0,0,0,0,0,0,0,0,0,0,0,0,0,0,0,0,0,0,0,0,0,0,0,0,0,0,0,0,0,0,0,0,0,0,0,0,0,0,0,0,0,0,0,0,0,0,0,0,0,0,0,0,0,0,0,0,0,0,0,0,0,0,0,0,"2023.03.23T01:12:53.867",134.76,89.84
"688293.SH","2023.03.23","09:13:23.000",101,112.3,0,0,0,0,0,0,0,0,0,0,0,0,0,0,0,0,0,0,0,0,0,0,0,0,0,0,0,0,0,0,0,0,0,0,0,0,0,0,0,0,0,0,0,0,0,0,0,0,0,0,0,0,0,0,0,0,0,0,0,0,0,0,0,0,0,0,0,0,0,0,0,0,0,"2023.03.23T01:13:23.853",134.76,89.84
"688293.SH","2023.03.23","09:13:53.000",101,112.3,0,0,0,0,0,0,0,0,0,0,0,0,0,0,0,0,0,0,0,0,0,0,0,0,0,0,0,0,0,0,0,0,0,0,0,0,0,0,0,0,0,0,0,0,0,0,0,0,0,0,0,0,0,0,0,0,0,0,0,0,0,0,0,0,0,0,0,0,0,0,0,0,0,"2023.03.23T01:13:53.875",134.76,89.84
"688293.SH","2023.03.23","09:14:02.000",101,112.3,0,0,0,0,0,0,0,0,0,0,0,0,0,0,0,0,0,0,0,0,0,0,0,0,0,0,0,0,0,0,0,0,0,0,0,0,0,0,0,0,0,0,0,0,0,0,0,0,0,0,0,0,0,0,0,0,0,0,0,0,0,0,0,0,0,0,0,0,0,0,0,0,0,"2023.03.23T01:14:02.849",134.76,89.84
"688293.SH","2023.03.23","09:14:23.000",101,112.3,0,0,0,0,0,0,0,0,0,0,0,0,0,0,0,0,0,0,0,0,0,0,0,0,0,0,0,0,0,0,0,0,0,0,0,0,0,0,0,0,0,0,0,0,0,0,0,0,0,0,0,0,0,0,0,0,0,0,0,0,0,0,0,0,0,0,0,0,0,0,0,0,0,"2023.03.23T01:14:23.863",134.76,89.84
"688293.SH","2023.03.23","09:14:53.000",101,112.3,0,0,0,0,0,0,0,0,0,0,0,0,0,0,0,0,0,0,0,0,0,0,0,0,0,0,0,0,0,0,0,0,0,0,0,0,0,0,0,0,0,0,0,0,0,0,0,0,0,0,0,0,0,0,0,0,0,0,0,0,0,0,0,0,0,0,0,0,0,0,0,0,0,"2023.03.23T01:14:53.868",134.76,89.84
"688293.SH","2023.03.23","09:15:02.000",101,112.3,0,0,0,0,0,0,0,0,0,200,0,119.6,0,0,0,0,0,0,0,0,0,0,0,0,0,0,0,0,0,0,0,0,0,0,0,0,0,0,0,0,0,0,0,0,0,0,0,0,0,0,0,0,0,0,0,0,0,0,0,0,0,0,0,0,0,0,0,0,0,0,0,0,1,"2023.03.23T01:15:02.960",134.76,89.84
"688293.SH","2023.03.23","09:15:05.000",101,112.3,0,0,0,0,0,0,0,0,200,900,110.3,123.42,0,0,0,0,0,0,0,0,0,0,0,0,0,0,0,0,0,0,0,0,0,0,0,0,0,0,0,0,0,0,0,0,0,0,0,0,0,0,0,0,0,0,0,0,0,0,0,0,0,0,0,0,0,0,0,0,0,0,0,0,1,"2023.03.23T01:15:05.925",134.76,89.84
"688293.SH","2023.03.23","09:15:08.000",101,112.3,0,0,0,0,0,0,0,0,840,2000,110.848,119.905,0,0,0,0,0,0,0,0,0,0,0,0,0,0,0,0,0,0,0,0,0,0,0,0,0,0,0,0,0,0,0,0,0,0,0,0,0,0,0,0,0,0,0,0,0,0,0,0,0,0,0,0,0,0,0,0,0,0,0,0,1,"2023.03.23T01:15:08.929",134.76,89.84
"688293.SH","2023.03.23","09:15:11.000",101,112.3,0,0,0,0,0,0,0,0,1040,3780,110.877,118.355,0,0,0,0,0,0,0,0,0,0,0,0,0,0,0,0,0,0,0,0,0,0,0,0,0,0,0,0,0,0,0,0,0,0,0,0,0,0,0,0,0,0,0,0,0,0,0,0,0,0,0,0,0,0,0,0,0,0,0,0,1,"2023.03.23T01:15:11.854",134.76,89.84
"688293.SH","2023.03.23","09:15:20.000",101,112.3,0,0,0,0,0,0,0,0,1040,4697,110.877,117.894,0,0,0,0,0,0,0,0,0,0,0,0,0,0,0,0,0,0,0,0,0,0,0,0,0,0,0,0,0,0,0,0,0,0,0,0,0,0,0,0,0,0,0,0,0,0,0,0,0,0,0,0,0,0,0,0,0,0,0,0,1,"2023.03.23T01:15:20.865",134.76,89.84
"688293.SH","2023.03.23","09:15:23.000",101,112.3,0,0,0,0,0,0,0,0,1040,4697,110.877,117.894,0,0,0,0,0,0,0,0,0,0,0,0,0,0,0,0,0,0,0,0,0,0,0,0,0,0,0,0,0,0,0,0,0,0,0,0,0,0,0,0,0,0,0,0,0,0,0,0,0,0,0,0,0,0,0,0,0,0,0,0,1,"2023.03.23T01:15:23.868",134.76,89.84
"688293.SH","2023.03.23","09:15:53.000",101,112.3,0,0,0,0,0,0,0,0,1040,4697,110.877,117.894,0,0,0,0,0,0,0,0,0,0,0,0,0,0,0,0,0,0,0,0,0,0,0,0,0,0,0,0,0,0,0,0,0,0,0,0,0,0,0,0,0,0,0,0,0,0,0,0,0,0,0,0,0,0,0,0,0,0,0,0,1,"2023.03.23T01:15:53.869",134.76,89.84
"688293.SH","2023.03.23","09:16:14.000",101,112.3,0,0,0,0,0,0,0,0,1040,4897,110.877,117.77,0,0,0,0,0,0,0,0,0,0,0,0,0,0,0,0,0,0,0,0,0,0,0,0,0,0,0,0,0,0,0,0,0,0,0,0,0,0,0,0,0,0,0,0,0,0,0,0,0,0,0,0,0,0,0,0,0,0,0,0,1,"2023.03.23T01:16:14.848",134.76,89.84
"688293.SH","2023.03.23","09:16:23.000",101,112.3,0,0,0,0,0,0,0,0,1040,4897,110.877,117.77,0,0,0,0,0,0,0,0,0,0,0,0,0,0,0,0,0,0,0,0,0,0,0,0,0,0,0,0,0,0,0,0,0,0,0,0,0,0,0,0,0,0,0,0,0,0,0,0,0,0,0,0,0,0,0,0,0,0,0,0,1,"2023.03.23T01:16:23.867",134.76,89.84
"688293.SH","2023.03.23","09:16:53.000",101,112.3,0,0,0,0,0,0,0,0,1040,4897,110.877,117.77,0,0,0,0,0,0,0,0,0,0,0,0,0,0,0,0,0,0,0,0,0,0,0,0,0,0,0,0,0,0,0,0,0,0,0,0,0,0,0,0,0,0,0,0,0,0,0,0,0,0,0,0,0,0,0,0,0,0,0,0,1,"2023.03.23T01:16:53.876",134.76,89.84
"688293.SH","2023.03.23","09:16:59.000",101,112.3,0,0,0,0,0,0,0,0,1040,5260,110.877,118.062,0,0,0,0,0,0,0,0,0,0,0,0,0,0,0,0,0,0,0,0,0,0,0,0,0,0,0,0,0,0,0,0,0,0,0,0,0,0,0,0,0,0,0,0,0,0,0,0,0,0,0,0,0,0,0,0,0,0,0,0,1,"2023.03.23T01:16:59.853",134.76,89.84
"688293.SH","2023.03.23","09:17:23.000",101,112.3,0,0,0,0,0,0,0,0,1040,5260,110.877,118.062,0,0,0,0,0,0,0,0,0,0,0,0,0,0,0,0,0,0,0,0,0,0,0,0,0,0,0,0,0,0,0,0,0,0,0,0,0,0,0,0,0,0,0,0,0,0,0,0,0,0,0,0,0,0,0,0,0,0,0,0,1,"2023.03.23T01:17:23.922",134.76,89.84
"688293.SH","2023.03.23","09:17:53.000",101,112.3,0,0,0,0,0,0,0,0,1040,5260,110.877,118.062,0,0,0,0,0,0,0,0,0,0,0,0,0,0,0,0,0,0,0,0,0,0,0,0,0,0,0,0,0,0,0,0,0,0,0,0,0,0,0,0,0,0,0,0,0,0,0,0,0,0,0,0,0,0,0,0,0,0,0,0,1,"2023.03.23T01:17:53.871",134.76,89.84
"688293.SH","2023.03.23","09:18:11.000",101,112.3,0,0,0,0,0,0,0,0,1240,5260,110.563,118.062,0,0,0,0,0,0,0,0,0,0,0,0,0,0,0,0,0,0,0,0,0,0,0,0,0,0,0,0,0,0,0,0,0,0,0,0,0,0,0,0,0,0,0,0,0,0,0,0,0,0,0,0,0,0,0,0,0,0,0,0,1,"2023.03.23T01:18:11.843",134.76,89.84
"688293.SH","2023.03.23","09:18:23.000",101,112.3,0,0,0,0,0,0,0,0,1240,5260,110.563,118.062,0,0,0,0,0,0,0,0,0,0,0,0,0,0,0,0,0,0,0,0,0,0,0,0,0,0,0,0,0,0,0,0,0,0,0,0,0,0,0,0,0,0,0,0,0,0,0,0,0,0,0,0,0,0,0,0,0,0,0,0,1,"2023.03.23T01:18:23.911",134.76,89.84
"688293.SH","2023.03.23","09:18:53.000",101,112.3,0,0,0,0,0,0,0,0,1240,5260,110.563,118.062,0,0,0,0,0,0,0,0,0,0,0,0,0,0,0,0,0,0,0,0,0,0,0,0,0,0,0,0,0,0,0,0,0,0,0,0,0,0,0,0,0,0,0,0,0,0,0,0,0,0,0,0,0,0,0,0,0,0,0,0,1,"2023.03.23T01:18:53.854",134.76,89.84
"688293.SH","2023.03.23","09:19:23.000",101,112.3,0,0,0,0,0,0,0,0,1240,5260,110.563,118.062,0,0,0,0,0,0,0,0,0,0,0,0,0,0,0,0,0,0,0,0,0,0,0,0,0,0,0,0,0,0,0,0,0,0,0,0,0,0,0,0,0,0,0,0,0,0,0,0,0,0,0,0,0,0,0,0,0,0,0,0,1,"2023.03.23T01:19:23.865",134.76,89.84
"688293.SH","2023.03.23","09:19:53.000",101,112.3,0,0,0,0,0,0,0,0,1240,5260,110.563,118.062,0,0,0,0,0,0,0,0,0,0,0,0,0,0,0,0,0,0,0,0,0,0,0,0,0,0,0,0,0,0,0,0,0,0,0,0,0,0,0,0,0,0,0,0,0,0,0,0,0,0,0,0,0,0,0,0,0,0,0,0,1,"2023.03.23T01:19:53.849",134.76,89.84
"688293.SH","2023.03.23","09:20:23.000",101,112.3,0,0,0,0,0,0,0,0,1240,5260,110.563,118.062,0,0,0,0,0,0,0,0,0,0,0,0,0,0,0,0,0,0,0,0,0,0,0,0,0,0,0,0,0,0,0,0,0,0,0,0,0,0,0,0,0,0,0,0,0,0,0,0,0,0,0,0,0,0,0,0,0,0,0,0,1,"2023.03.23T01:20:23.869",134.76,89.84
"688293.SH","2023.03.23","09:20:32.000",101,112.3,0,0,0,0,0,0,0,0,1740,5260,109.683,118.062,0,0,0,0,0,0,0,0,0,0,0,0,0,0,0,0,0,0,0,0,0,0,0,0,0,0,0,0,0,0,0,0,0,0,0,0,0,0,0,0,0,0,0,0,0,0,0,0,0,0,0,0,0,0,0,0,0,0,0,0,1,"2023.03.23T01:20:32.854",134.76,89.84
"688293.SH","2023.03.23","09:20:44.000",101,112.3,0,0,0,0,0,0,0,0,2740,5260,108.339,118.062,0,0,0,0,0,0,0,0,0,0,0,0,0,0,0,0,0,0,0,0,0,0,0,0,0,0,0,0,0,0,0,0,0,0,0,0,0,0,0,0,0,0,0,0,0,0,0,0,0,0,0,0,0,0,0,0,0,0,0,0,1,"2023.03.23T01:20:44.854",134.76,89.84
"688293.SH","2023.03.23","09:20:53.000",101,112.3,0,0,0,0,0,0,0,0,2740,5260,108.339,118.062,0,0,0,0,0,0,0,0,0,0,0,0,0,0,0,0,0,0,0,0,0,0,0,0,0,0,0,0,0,0,0,0,0,0,0,0,0,0,0,0,0,0,0,0,0,0,0,0,0,0,0,0,0,0,0,0,0,0,0,0,1,"2023.03.23T01:20:53.861",134.76,89.84
"688293.SH","2023.03.23","09:21:23.000",101,112.3,0,0,0,0,0,0,0,0,2740,5260,108.339,118.062,0,0,0,0,0,0,0,0,0,0,0,0,0,0,0,0,0,0,0,0,0,0,0,0,0,0,0,0,0,0,0,0,0,0,0,0,0,0,0,0,0,0,0,0,0,0,0,0,0,0,0,0,0,0,0,0,0,0,0,0,1,"2023.03.23T01:21:23.871",134.76,89.84
"688293.SH","2023.03.23","09:21:53.000",101,112.3,0,0,0,0,0,0,0,0,2740,5260,108.339,118.062,0,0,0,0,0,0,0,0,0,0,0,0,0,0,0,0,0,0,0,0,0,0,0,0,0,0,0,0,0,0,0,0,0,0,0,0,0,0,0,0,0,0,0,0,0,0,0,0,0,0,0,0,0,0,0,0,0,0,0,0,1,"2023.03.23T01:21:53.867",134.76,89.84
"688293.SH","2023.03.23","09:22:02.000",101,112.3,0,0,0,0,0,0,0,0,2940,5260,108.385,118.062,0,0,0,0,0,0,0,0,0,0,0,0,0,0,0,0,0,0,0,0,0,0,0,0,0,0,0,0,0,0,0,0,0,0,0,0,0,0,0,0,0,0,0,0,0,0,0,0,0,0,0,0,0,0,0,0,0,0,0,0,1,"2023.03.23T01:22:02.844",134.76,89.84
"688293.SH","2023.03.23","09:22:23.000",101,112.3,0,0,0,0,0,0,0,0,2940,5260,108.385,118.062,0,0,0,0,0,0,0,0,0,0,0,0,0,0,0,0,0,0,0,0,0,0,0,0,0,0,0,0,0,0,0,0,0,0,0,0,0,0,0,0,0,0,0,0,0,0,0,0,0,0,0,0,0,0,0,0,0,0,0,0,1,"2023.03.23T01:22:23.851",134.76,89.84
"688293.SH","2023.03.23","09:22:53.000",101,112.3,0,0,0,0,0,0,0,0,2940,5260,108.385,118.062,0,0,0,0,0,0,0,0,0,0,0,0,0,0,0,0,0,0,0,0,0,0,0,0,0,0,0,0,0,0,0,0,0,0,0,0,0,0,0,0,0,0,0,0,0,0,0,0,0,0,0,0,0,0,0,0,0,0,0,0,1,"2023.03.23T01:22:53.857",134.76,89.84
"688293.SH","2023.03.23","09:23:23.000",101,112.3,0,0,0,0,0,0,0,0,2940,5260,108.385,118.062,0,0,0,0,0,0,0,0,0,0,0,0,0,0,0,0,0,0,0,0,0,0,0,0,0,0,0,0,0,0,0,0,0,0,0,0,0,0,0,0,0,0,0,0,0,0,0,0,0,0,0,0,0,0,0,0,0,0,0,0,1,"2023.03.23T01:23:23.846",134.76,89.84
"688293.SH","2023.03.23","09:23:53.000",101,112.3,0,0,0,0,0,0,0,0,2940,5260,108.385,118.062,0,0,0,0,0,0,0,0,0,0,0,0,0,0,0,0,0,0,0,0,0,0,0,0,0,0,0,0,0,0,0,0,0,0,0,0,0,0,0,0,0,0,0,0,0,0,0,0,0,0,0,0,0,0,0,0,0,0,0,0,1,"2023.03.23T01:23:53.865",134.76,89.84
"688293.SH","2023.03.23","09:24:11.000",101,112.3,0,0,0,0,0,0,0,0,3140,6160,108.411,117.515,0,0,0,0,0,0,0,0,0,0,0,0,0,0,0,0,0,0,0,0,0,0,0,0,0,0,0,0,0,0,0,0,0,0,0,0,0,0,0,0,0,0,0,0,0,0,0,0,0,0,0,0,0,0,0,0,0,0,0,0,1,"2023.03.23T01:24:11.849",134.76,89.84
"688293.SH","2023.03.23","09:24:14.000",101,112.3,0,0,0,0,0,0,0,0,3140,6360,108.411,117.83,0,0,0,0,0,0,0,0,0,0,0,0,0,0,0,0,0,0,0,0,0,0,0,0,0,0,0,0,0,0,0,0,0,0,0,0,0,0,0,0,0,0,0,0,0,0,0,0,0,0,0,0,0,0,0,0,0,0,0,0,1,"2023.03.23T01:24:14.851",134.76,89.84
"688293.SH","2023.03.23","09:24:20.000",101,112.3,0,0,0,0,0,0,0,0,3140,6560,108.411,117.713,0,0,0,0,0,0,0,0,0,0,0,0,0,0,0,0,0,0,0,0,0,0,0,0,0,0,0,0,0,0,0,0,0,0,0,0,0,0,0,0,0,0,0,0,0,0,0,0,0,0,0,0,0,0,0,0,0,0,0,0,1,"2023.03.23T01:24:20.851",134.76,89.84
"688293.SH","2023.03.23","09:24:23.000",101,112.3,0,0,0,0,0,0,0,0,3140,6560,108.411,117.713,0,0,0,0,0,0,0,0,0,0,0,0,0,0,0,0,0,0,0,0,0,0,0,0,0,0,0,0,0,0,0,0,0,0,0,0,0,0,0,0,0,0,0,0,0,0,0,0,0,0,0,0,0,0,0,0,0,0,0,0,1,"2023.03.23T01:24:23.847",134.76,89.84
"688293.SH","2023.03.23","09:24:29.000",101,112.3,0,0,0,0,0,0,0,0,3340,6560,108.547,117.713,0,0,0,0,0,0,0,0,0,0,0,0,0,0,0,0,0,0,0,0,0,0,0,0,0,0,0,0,0,0,0,0,0,0,0,0,0,0,0,0,0,0,0,0,0,0,0,0,0,0,0,0,0,0,0,0,0,0,0,0,1,"2023.03.23T01:24:29.853",134.76,89.84
"688293.SH","2023.03.23","09:24:44.000",101,112.3,0,0,0,0,0,0,0,0,3340,6760,108.547,117.614,0,0,0,0,0,0,0,0,0,0,0,0,0,0,0,0,0,0,0,0,0,0,0,0,0,0,0,0,0,0,0,0,0,0,0,0,0,0,0,0,0,0,0,0,0,0,0,0,0,0,0,0,0,0,0,0,0,0,0,0,1,"2023.03.23T01:24:44.904",134.76,89.84
"688293.SH","2023.03.23","09:24:50.000",101,112.3,0,0,0,0,0,0,0,0,3340,7261,108.547,117.433,0,0,0,0,0,0,0,0,0,0,0,0,0,0,0,0,0,0,0,0,0,0,0,0,0,0,0,0,0,0,0,0,0,0,0,0,0,0,0,0,0,0,0,0,0,0,0,0,0,0,0,0,0,0,0,0,0,0,0,0,1,"2023.03.23T01:24:50.847",134.76,89.84
"688293.SH","2023.03.23","09:24:53.000",101,112.3,0,0,0,0,0,0,0,0,3340,7261,108.547,117.433,0,0,0,0,0,0,0,0,0,0,0,0,0,0,0,0,0,0,0,0,0,0,0,0,0,0,0,0,0,0,0,0,0,0,0,0,0,0,0,0,0,0,0,0,0,0,0,0,0,0,0,0,0,0,0,0,0,0,0,0,1,"2023.03.23T01:24:53.878",134.76,89.84
"688293.SH","2023.03.23","09:25:02.000",101,112.3,0,0,0,0,0,0,0,0,3340,7261,108.547,117.433,112.3,111,110.68,110.3,109.02,108.93,108.8,108.2,107.5,106,440,200,200,200,200,200,200,200,500,1000,113.99,114,114.32,114.38,114.87,114.99,115,115.35,115.8,115.99,200,200,900,200,200,501,500,780,200,917,1,1,1,1,1,1,1,1,1,1,1,1,1,1,1,1,1,1,1,1,2,"2023.03.23T01:25:03.215",134.76,89.84
"688293.SH","2023.03.23","09:25:23.000",101,112.3,0,0,0,0,0,0,0,0,3340,7261,108.547,117.433,112.3,111,110.68,110.3,109.02,108.93,108.8,108.2,107.5,106,440,200,200,200,200,200,200,200,500,1000,113.99,114,114.32,114.38,114.87,114.99,115,115.35,115.8,115.99,200,200,900,200,200,501,500,780,200,917,1,1,1,1,1,1,1,1,1,1,1,1,1,1,1,1,1,1,1,1,2,"2023.03.23T01:25:23.885",134.76,89.84
"688293.SH","2023.03.23","09:25:53.000",101,112.3,0,0,0,0,0,0,0,0,3340,7261,108.547,117.433,112.3,111,110.68,110.3,109.02,108.93,108.8,108.2,107.5,106,440,200,200,200,200,200,200,200,500,1000,113.99,114,114.32,114.38,114.87,114.99,115,115.35,115.8,115.99,200,200,900,200,200,501,500,780,200,917,1,1,1,1,1,1,1,1,1,1,1,1,1,1,1,1,1,1,1,1,2,"2023.03.23T01:25:53.858",134.76,89.84
"688293.SH","2023.03.23","09:26:23.000",101,112.3,0,0,0,0,0,0,0,0,3340,7261,108.547,117.433,112.3,111,110.68,110.3,109.02,108.93,108.8,108.2,107.5,106,440,200,200,200,200,200,200,200,500,1000,113.99,114,114.32,114.38,114.87,114.99,115,115.35,115.8,115.99,200,200,900,200,200,501,500,780,200,917,1,1,1,1,1,1,1,1,1,1,1,1,1,1,1,1,1,1,1,1,2,"2023.03.23T01:26:23.872",134.76,89.84
"688293.SH","2023.03.23","09:26:53.000",101,112.3,0,0,0,0,0,0,0,0,3340,7261,108.547,117.433,112.3,111,110.68,110.3,109.02,108.93,108.8,108.2,107.5,106,440,200,200,200,200,200,200,200,500,1000,113.99,114,114.32,114.38,114.87,114.99,115,115.35,115.8,115.99,200,200,900,200,200,501,500,780,200,917,1,1,1,1,1,1,1,1,1,1,1,1,1,1,1,1,1,1,1,1,2,"2023.03.23T01:26:53.886",134.76,89.84
"688293.SH","2023.03.23","09:27:23.000",101,112.3,0,0,0,0,0,0,0,0,3340,7261,108.547,117.433,112.3,111,110.68,110.3,109.02,108.93,108.8,108.2,107.5,106,440,200,200,200,200,200,200,200,500,1000,113.99,114,114.32,114.38,114.87,114.99,115,115.35,115.8,115.99,200,200,900,200,200,501,500,780,200,917,1,1,1,1,1,1,1,1,1,1,1,1,1,1,1,1,1,1,1,1,2,"2023.03.23T01:27:23.852",134.76,89.84
"688293.SH","2023.03.23","09:27:53.000",101,112.3,0,0,0,0,0,0,0,0,3340,7261,108.547,117.433,112.3,111,110.68,110.3,109.02,108.93,108.8,108.2,107.5,106,440,200,200,200,200,200,200,200,500,1000,113.99,114,114.32,114.38,114.87,114.99,115,115.35,115.8,115.99,200,200,900,200,200,501,500,780,200,917,1,1,1,1,1,1,1,1,1,1,1,1,1,1,1,1,1,1,1,1,2,"2023.03.23T01:27:53.856",134.76,89.84
"688293.SH","2023.03.23","09:28:23.000",101,112.3,0,0,0,0,0,0,0,0,3340,7261,108.547,117.433,112.3,111,110.68,110.3,109.02,108.93,108.8,108.2,107.5,106,440,200,200,200,200,200,200,200,500,1000,113.99,114,114.32,114.38,114.87,114.99,115,115.35,115.8,115.99,200,200,900,200,200,501,500,780,200,917,1,1,1,1,1,1,1,1,1,1,1,1,1,1,1,1,1,1,1,1,2,"2023.03.23T01:28:23.873",134.76,89.84
"688293.SH","2023.03.23","09:28:53.000",101,112.3,0,0,0,0,0,0,0,0,3340,7261,108.547,117.433,112.3,111,110.68,110.3,109.02,108.93,108.8,108.2,107.5,106,440,200,200,200,200,200,200,200,500,1000,113.99,114,114.32,114.38,114.87,114.99,115,115.35,115.8,115.99,200,200,900,200,200,501,500,780,200,917,1,1,1,1,1,1,1,1,1,1,1,1,1,1,1,1,1,1,1,1,2,"2023.03.23T01:28:53.856",134.76,89.84
"688293.SH","2023.03.23","09:29:23.000",101,112.3,0,0,0,0,0,0,0,0,3340,7261,108.547,117.433,112.3,111,110.68,110.3,109.02,108.93,108.8,108.2,107.5,106,440,200,200,200,200,200,200,200,500,1000,113.99,114,114.32,114.38,114.87,114.99,115,115.35,115.8,115.99,200,200,900,200,200,501,500,780,200,917,1,1,1,1,1,1,1,1,1,1,1,1,1,1,1,1,1,1,1,1,2,"2023.03.23T01:29:23.861",134.76,89.84
"688293.SH","2023.03.23","09:29:53.000",101,112.3,0,0,0,0,0,0,0,0,3340,7261,108.547,117.433,112.3,111,110.68,110.3,109.02,108.93,108.8,108.2,107.5,106,440,200,200,200,200,200,200,200,500,1000,113.99,114,114.32,114.38,114.87,114.99,115,115.35,115.8,115.99,200,200,900,200,200,501,500,780,200,917,1,1,1,1,1,1,1,1,1,1,1,1,1,1,1,1,1,1,1,1,2,"2023.03.23T01:29:53.875",134.76,89.84
"688293.SH","2023.03.23","09:30:02.000",101,112.3,0,0,0,0,0,0,0,0,3340,7661,108.547,117.299,112.3,111,110.68,110.3,109.02,108.93,108.8,108.2,107.5,106,440,200,200,200,200,200,200,200,500,1000,113.7,113.99,114,114.32,114.38,114.87,114.99,115,115.35,115.8,200,200,200,900,200,200,501,500,780,200,1,1,1,1,1,1,1,1,1,1,1,1,1,1,1,1,1,1,1,1,3,"2023.03.23T01:30:02.883",134.76,89.84
"688293.SH","2023.03.23","09:30:05.000",101,112.3,200,22460,112.3,112.3,0,112.3,112.3,0,3640,9376,108.226,117.083,112.3,111,110.68,110.3,109.51,109.02,108.93,108.8,108.2,107.5,240,200,200,200,300,200,200,200,200,500,113.7,113.95,113.99,114,114.32,114.38,114.87,114.99,115,115.35,200,500,200,200,900,200,200,501,500,780,1,1,1,1,1,1,1,1,1,1,1,1,1,1,1,1,1,1,1,1,3,"2023.03.23T01:30:05.851",134.76,89.84
"688293.SH","2023.03.23","09:30:08.000",101,112.3,200,22460,112.3,112.3,0,112.3,112.3,0,3640,10576,108.226,117.208,112.3,111,110.68,110.3,109.51,109.02,108.93,108.8,108.2,107.5,240,200,200,200,300,200,200,200,200,500,113.7,113.95,113.99,114,114.32,114.38,114.87,114.99,115,115.35,200,500,200,200,900,200,400,501,700,780,1,1,1,1,1,1,1,1,1,1,1,1,1,1,1,1,2,1,2,1,3,"2023.03.23T01:30:08.850",134.76,89.84
"688293.SH","2023.03.23","09:30:11.000",101,112.3,440,49412,112.3,112.3,0,112.3,112.3,0,3600,11236,108.081,117.11,111,110.68,110.52,110.3,109.51,109.02,108.93,108.8,108.2,107.5,200,200,200,200,300,200,200,200,200,500,112.29,113.7,113.95,113.99,114,114.32,114.87,114.99,115,115.35,160,200,500,200,200,1100,400,501,700,780,1,1,1,1,1,1,1,1,1,1,1,1,1,1,1,2,2,1,2,1,3,"2023.03.23T01:30:11.854",134.76,89.84
"688293.SH","2023.03.23","09:30:14.000",101,112.3,440,49412,112.3,112.3,0,112.3,112.3,0,3975,11236,108.171,117.11,111,110.68,110.52,110.3,109.51,109.03,109.02,108.93,108.8,108.2,200,200,200,200,300,375,200,200,200,200,112.29,113.7,113.95,113.99,114,114.32,114.87,114.99,115,115.35,160,200,500,200,200,1100,400,501,700,780,1,1,1,1,1,1,1,1,1,1,1,1,1,1,1,2,2,1,2,1,3,"2023.03.23T01:30:14.853",134.76,89.84
"688293.SH","2023.03.23","09:30:17.000",101,112.3,440,49412,112.3,112.3,0,112.3,112.3,0,3975,11076,108.171,117.179,111,110.68,110.52,110.3,109.51,109.03,109.02,108.93,108.8,108.2,200,200,200,200,300,375,200,200,200,200,113.7,113.95,113.99,114,114.32,114.87,114.99,115,115.35,115.8,200,500,200,200,1100,400,501,700,780,700,1,1,1,1,1,1,1,1,1,1,1,1,1,1,2,2,1,2,1,2,3,"2023.03.23T01:30:17.877",134.76,89.84
"688293.SH","2023.03.23","09:30:23.000",101,112.3,440,49412,112.3,112.3,0,112.3,112.3,0,3975,11076,108.171,117.179,111,110.68,110.52,110.3,109.51,109.03,109.02,108.93,108.8,108.2,200,200,200,200,300,375,200,200,200,200,113.7,113.95,113.99,114,114.32,114.87,114.99,115,115.35,115.8,200,500,200,200,1100,400,501,700,780,700,1,1,1,1,1,1,1,1,1,1,1,1,1,1,2,2,1,2,1,2,3,"2023.03.23T01:30:23.855",134.76,89.84
"688293.SH","2023.03.23","09:30:41.000",101,112.3,440,49412,112.3,112.3,0,112.3,112.3,0,4175,11676,108.282,117,111,110.68,110.52,110.5,110.3,109.51,109.03,109.02,108.93,108.8,200,200,200,200,200,300,375,200,200,200,113.69,113.7,113.95,113.99,114,114.32,114.87,114.99,115,115.35,600,200,500,200,200,1100,400,501,700,780,1,1,1,1,1,1,1,1,1,1,1,1,1,1,1,2,2,1,2,1,3,"2023.03.23T01:30:41.900",134.76,89.84
"688293.SH","2023.03.23","09:30:47.000",101,112.3,440,49412,112.3,112.3,0,112.3,112.3,0,4375,11676,108.353,117,111,110.68,110.52,110.5,110.3,109.83,109.51,109.03,109.02,108.93,200,200,200,200,200,200,300,375,200,200,113.69,113.7,113.95,113.99,114,114.32,114.87,114.99,115,115.35,600,200,500,200,200,1100,400,501,700,780,1,1,1,1,1,1,1,1,1,1,1,1,1,1,1,2,2,1,2,1,3,"2023.03.23T01:30:47.853",134.76,89.84
"688293.SH","2023.03.23","09:30:53.000",101,112.3,640,71612,111,112.3,0,112.3,111,0,4175,11676,108.226,117,110.68,110.52,110.5,110.3,109.83,109.51,109.03,109.02,108.93,108.8,200,200,200,200,200,300,375,200,200,200,113.69,113.7,113.95,113.99,114,114.32,114.87,114.99,115,115.35,600,200,500,200,200,1100,400,501,700,780,1,1,1,1,1,1,1,1,1,1,1,1,1,1,1,2,2,1,2,1,3,"2023.03.23T01:30:53.858",134.76,89.84
"688293.SH","2023.03.23","09:30:59.000",101,112.3,640,71612,111,112.3,0,112.3,111,0,4175,11176,108.226,117.09,110.68,110.52,110.5,110.3,109.83,109.51,109.03,109.02,108.93,108.8,200,200,200,200,200,300,375,200,200,200,113.69,113.7,113.95,113.99,114,114.32,114.87,114.99,115,115.35,600,200,500,200,200,1100,400,501,200,780,1,1,1,1,1,1,1,1,1,1,1,1,1,1,1,2,2,1,1,1,3,"2023.03.23T01:30:59.857",134.76,89.84
"688293.SH","2023.03.23","09:31:11.000",101,112.3,1126,126284,113.68,112.3,0,113.68,110.8,0,4175,11458,108.226,117.006,110.68,110.52,110.5,110.3,109.83,109.51,109.03,109.02,108.93,108.8,200,200,200,200,200,300,375,200,200,200,113.68,113.69,113.7,113.95,113.99,114,114.32,114.87,114.99,115,282,600,200,500,200,200,1100,400,501,200,1,1,1,1,1,1,1,1,1,1,1,1,1,1,1,1,2,2,1,1,3,"2023.03.23T01:31:11.850",134.76,89.84
"688293.SH","2023.03.23","09:31:14.000",101,112.3,1311,146760,110.68,112.3,0,113.68,110.68,0,4428,12208,108.368,116.806,110.69,110.68,110.52,110.5,110.3,109.83,109.51,109.03,109.02,108.93,438,15,200,200,200,200,300,375,200,200,113.66,113.67,113.68,113.69,113.7,113.95,113.99,114,114.3,114.32,241,200,482,600,200,500,200,200,109,1100,2,1,1,1,1,1,1,1,1,1,1,1,2,1,1,1,1,1,1,2,3,"2023.03.23T01:31:14.886",134.76,89.84
"688293.SH","2023.03.23","09:31:23.000",101,112.3,1311,146760,110.68,112.3,0,113.68,110.68,0,4428,12408,108.368,116.772,110.69,110.68,110.52,110.5,110.3,109.83,109.51,109.03,109.02,108.93,438,15,200,200,200,200,300,375,200,200,113.66,113.67,113.68,113.69,113.7,113.95,113.99,114,114.3,114.32,241,200,482,600,200,500,200,200,109,1100,2,1,1,1,1,1,1,1,1,1,1,1,2,1,1,1,1,1,1,2,3,"2023.03.23T01:31:23.889",134.76,89.84
"688293.SH","2023.03.23","09:31:26.000",101,112.3,1311,146760,110.68,112.3,0,113.68,110.68,0,4428,12211,108.368,116.808,110.69,110.68,110.52,110.5,110.3,109.83,109.51,109.03,109.02,108.93,438,15,200,200,200,200,300,375,200,200,113.5,113.67,113.68,113.7,113.95,113.99,114,114.3,114.32,114.65,926,200,200,200,500,200,200,109,1100,200,2,1,1,1,1,1,1,1,1,1,1,1,1,1,1,1,1,1,2,1,3,"2023.03.23T01:31:26.893",134.76,89.84
"688293.SH","2023.03.23","09:31:29.000",101,112.3,1311,146760,110.68,112.3,0,113.68,110.68,0,4428,12493,108.368,116.733,110.69,110.68,110.52,110.5,110.3,109.83,109.51,109.03,109.02,108.93,438,15,200,200,200,200,300,375,200,200,113.49,113.5,113.67,113.68,113.7,113.95,113.99,114,114.3,114.32,282,926,200,200,200,500,200,200,109,1100,2,1,1,1,1,1,1,1,1,1,1,1,1,1,1,1,1,1,1,2,3,"2023.03.23T01:31:29.855",134.76,89.84
"688293.SH","2023.03.23","09:31:32.000",101,112.3,1311,146760,110.68,112.3,0,113.68,110.68,0,4628,12493,108.446,116.733,110.69,110.68,110.52,110.5,110.3,110.19,109.83,109.51,109.03,109.02,438,15,200,200,200,200,200,300,375,200,113.49,113.5,113.67,113.68,113.7,113.95,113.99,114,114.3,114.32,282,926,200,200,200,500,200,200,109,1100,2,1,1,1,1,1,1,1,1,1,1,1,1,1,1,1,1,1,1,2,3,"2023.03.23T01:31:32.874",134.76,89.84
"688293.SH","2023.03.23","09:31:35.000",101,112.3,1311,146760,110.68,112.3,0,113.68,110.68,0,4828,12411,108.54,116.754,110.7,110.69,110.68,110.52,110.5,110.3,110.19,109.83,109.51,109.03,200,438,15,200,200,200,200,200,300,375,113.45,113.5,113.67,113.68,113.7,113.95,113.99,114,114.3,114.32,200,926,200,200,200,500,200,200,109,1100,1,2,1,1,1,1,1,1,1,1,1,1,1,1,1,1,1,1,1,2,3,"2023.03.23T01:31:35.914",134.76,89.84
"688293.SH","2023.03.23","09:31:38.000",101,112.3,1311,146760,110.68,112.3,0,113.68,110.68,0,7040,12693,109.218,116.68,110.7,110.69,110.68,110.52,110.5,110.3,110.19,109.83,109.51,109.03,2412,438,15,200,200,200,200,200,300,375,113.44,113.45,113.5,113.67,113.68,113.7,113.95,113.99,114,114.3,282,200,926,200,200,200,500,200,200,109,11,2,1,1,1,1,1,1,1,1,1,1,1,1,1,1,1,1,1,1,3,"2023.03.23T01:31:38.866",134.76,89.84
"688293.SH","2023.03.23","09:31:41.000",101,112.3,1311,146760,110.68,112.3,0,113.68,110.68,0,7467,12493,109.305,116.728,110.72,110.71,110.7,110.68,110.52,110.5,110.3,110.19,109.83,109.51,224,641,2412,15,200,200,200,200,200,300,113.44,113.45,113.5,113.68,113.7,113.95,113.99,114,114.3,114.32,282,200,926,200,200,500,200,200,109,1100,1,3,11,1,1,1,1,1,1,1,1,1,1,1,1,1,1,1,1,2,3,"2023.03.23T01:31:41.889",134.76,89.84
"688293.SH","2023.03.23","09:31:47.000",101,112.3,1311,146760,110.68,112.3,0,113.68,110.68,0,7467,13293,109.305,116.53,110.72,110.71,110.7,110.68,110.52,110.5,110.3,110.19,109.83,109.51,224,641,2412,15,200,200,200,200,200,300,113.43,113.44,113.45,113.5,113.68,113.7,113.95,113.99,114,114.3,500,582,200,926,200,200,500,200,200,109,1,3,11,1,1,1,1,1,1,1,1,2,1,1,1,1,1,1,1,1,3,"2023.03.23T01:31:47.861",134.76,89.84
"688293.SH","2023.03.23","09:31:53.000",101,112.3,1311,146760,110.68,112.3,0,113.68,110.68,0,7667,13293,109.342,116.53,110.72,110.71,110.7,110.68,110.52,110.5,110.3,110.19,109.83,109.51,224,641,2612,15,200,200,200,200,200,300,113.43,113.44,113.45,113.5,113.68,113.7,113.95,113.99,114,114.3,500,582,200,926,200,200,500,200,200,109,1,3,12,1,1,1,1,1,1,1,1,2,1,1,1,1,1,1,1,1,3,"2023.03.23T01:31:53.849",134.76,89.84
"688293.SH","2023.03.23","09:31:56.000",101,112.3,1311,146760,110.68,112.3,0,113.68,110.68,0,8667,13093,109.504,116.577,110.75,110.72,110.71,110.7,110.68,110.52,110.5,110.3,110.19,109.83,1000,224,641,2612,15,200,200,200,200,200,113.43,113.44,113.5,113.68,113.7,113.95,113.99,114,114.3,114.32,500,582,926,200,200,500,200,200,109,1100,1,1,3,12,1,1,1,1,1,1,1,2,1,1,1,1,1,1,1,2,3,"2023.03.23T01:31:56.891",134.76,89.84
"688293.SH","2023.03.23","09:31:59.000",101,112.3,1311,146760,110.68,112.3,0,113.68,110.68,0,8467,13093,109.476,116.577,110.75,110.72,110.71,110.7,110.68,110.52,110.5,110.3,110.19,109.83,1000,224,641,2412,15,200,200,200,200,200,113.43,113.44,113.5,113.68,113.7,113.95,113.99,114,114.3,114.32,500,582,926,200,200,500,200,200,109,1100,1,1,3,11,1,1,1,1,1,1,1,2,1,1,1,1,1,1,1,2,3,"2023.03.23T01:31:59.858",134.76,89.84
"688293.SH","2023.03.23","09:32:02.000",101,112.3,1311,146760,110.68,112.3,0,113.68,110.68,0,6526,13093,109.112,116.577,110.75,110.72,110.71,110.7,110.68,110.52,110.5,110.3,110.19,109.83,1000,224,641,471,15,200,200,200,200,200,113.43,113.44,113.5,113.68,113.7,113.95,113.99,114,114.3,114.32,500,582,926,200,200,500,200,200,109,1100,1,1,3,2,1,1,1,1,1,1,1,2,1,1,1,1,1,1,1,2,3,"2023.03.23T01:32:02.853",134.76,89.84
"688293.SH","2023.03.23","09:32:05.000",101,112.3,1311,146760,110.68,112.3,0,113.68,110.68,0,5639,13093,108.861,116.577,110.75,110.72,110.71,110.68,110.52,110.5,110.3,110.19,109.83,109.51,1000,224,225,15,200,200,200,200,200,300,113.43,113.44,113.5,113.68,113.7,113.95,113.99,114,114.3,114.32,500,582,926,200,200,500,200,200,109,1100,1,1,1,1,1,1,1,1,1,1,1,2,1,1,1,1,1,1,1,2,3,"2023.03.23T01:32:05.854",134.76,89.84
"688293.SH","2023.03.23","09:32:08.000",101,112.3,1617,181469,113.43,112.3,0,113.68,110.68,0,5414,12787,108.784,116.652,110.75,110.72,110.68,110.52,110.5,110.3,110.19,109.83,109.51,109.03,1000,224,15,200,200,200,200,200,300,375,113.43,113.44,113.5,113.68,113.7,113.95,113.99,114,114.3,114.32,194,582,926,200,200,500,200,200,109,1100,1,1,1,1,1,1,1,1,1,1,1,2,1,1,1,1,1,1,1,2,3,"2023.03.23T01:32:08.849",134.76,89.84
"688293.SH","2023.03.23","09:32:11.000",101,112.3,1617,181469,113.43,112.3,0,113.68,110.68,0,5414,13028,108.784,116.592,110.75,110.72,110.68,110.52,110.5,110.3,110.19,109.83,109.51,109.03,1000,224,15,200,200,200,200,200,300,375,113.42,113.43,113.44,113.5,113.68,113.7,113.95,113.99,114,114.3,241,194,582,926,200,200,500,200,200,109,1,1,1,1,1,1,1,1,1,1,1,1,2,1,1,1,1,1,1,1,3,"2023.03.23T01:32:11.858",134.76,89.84
"688293.SH","2023.03.23","09:32:14.000",101,112.3,1617,181469,113.43,112.3,0,113.68,110.68,0,5590,13028,108.848,116.592,110.76,110.75,110.68,110.52,110.5,110.3,110.19,109.83,109.51,109.03,200,1200,15,200,200,200,200,200,300,375,113.42,113.43,113.44,113.5,113.68,113.7,113.95,113.99,114,114.3,241,194,582,926,200,200,500,200,200,109,1,2,1,1,1,1,1,1,1,1,1,1,2,1,1,1,1,1,1,1,3,"2023.03.23T01:32:14.854",134.76,89.84
"688293.SH","2023.03.23","09:32:23.000",101,112.3,1617,181469,113.43,112.3,0,113.68,110.68,0,5590,13028,108.848,116.592,110.76,110.75,110.68,110.52,110.5,110.3,110.19,109.83,109.51,109.03,200,1200,15,200,200,200,200,200,300,375,113.42,113.43,113.44,113.5,113.68,113.7,113.95,113.99,114,114.3,241,194,582,926,200,200,500,200,200,109,1,2,1,1,1,1,1,1,1,1,1,1,2,1,1,1,1,1,1,1,3,"2023.03.23T01:32:23.850",134.76,89.84
"688293.SH","2023.03.23","09:32:26.000",101,112.3,1617,181469,113.43,112.3,0,113.68,110.68,0,5390,11811,108.777,116.719,110.76,110.75,110.68,110.52,110.5,110.3,110.19,109.83,109.51,109.03,200,1000,15,200,200,200,200,200,300,375,113.42,113.43,113.44,113.5,113.68,113.7,113.95,113.99,114,114.3,241,194,282,926,200,200,500,200,200,109,1,1,1,1,1,1,1,1,1,1,1,1,1,1,1,1,1,1,1,1,3,"2023.03.23T01:32:26.947",134.76,89.84
"688293.SH","2023.03.23","09:32:29.000",101,112.3,1617,181469,113.43,112.3,0,113.68,110.68,0,5590,11811,108.848,116.719,110.76,110.75,110.68,110.52,110.5,110.3,110.19,109.83,109.51,109.03,400,1000,15,200,200,200,200,200,300,375,113.42,113.43,113.44,113.5,113.68,113.7,113.95,113.99,114,114.3,241,194,282,926,200,200,500,200,200,109,2,1,1,1,1,1,1,1,1,1,1,1,1,1,1,1,1,1,1,1,3,"2023.03.23T01:32:29.858",134.76,89.84
"688293.SH","2023.03.23","09:32:32.000",101,112.3,1617,181469,113.43,112.3,0,113.68,110.68,0,5590,11488,108.848,116.809,110.76,110.75,110.68,110.52,110.5,110.3,110.19,109.83,109.51,109.03,400,1000,15,200,200,200,200,200,300,375,113.3,113.43,113.5,113.68,113.7,113.95,113.99,114,114.3,114.32,200,194,926,200,200,500,200,200,109,1100,2,1,1,1,1,1,1,1,1,1,1,1,1,1,1,1,1,1,1,2,3,"2023.03.23T01:32:32.855",134.76,89.84
"688293.SH","2023.03.23","09:32:35.000",101,112.3,1817,204129,113.3,112.3,0,113.68,110.68,0,5790,12091,108.906,116.641,110.76,110.75,110.68,110.53,110.52,110.5,110.3,110.19,109.83,109.51,400,1000,15,200,200,200,200,200,200,300,113.4,113.41,113.43,113.5,113.68,113.7,113.95,113.99,114,114.3,603,200,194,926,200,200,500,200,200,109,2,1,1,1,1,1,1,1,1,1,2,1,1,1,1,1,1,1,1,1,3,"2023.03.23T01:32:35.852",134.76,89.84
"688293.SH","2023.03.23","09:32:38.000",101,112.3,1817,204129,113.3,112.3,0,113.68,110.68,0,5990,12669,108.968,116.49,110.76,110.75,110.68,110.53,110.52,110.5,110.3,110.19,109.83,109.51,600,1000,15,200,200,200,200,200,200,300,113.29,113.4,113.41,113.42,113.43,113.5,113.68,113.7,113.95,113.99,378,603,200,200,194,926,200,200,500,200,3,1,1,1,1,1,1,1,1,1,1,2,1,1,1,1,1,1,1,1,3,"2023.03.23T01:32:38.868",134.76,89.84
"688293.SH","2023.03.23","09:32:41.000",101,112.3,1817,204129,113.3,112.3,0,113.68,110.68,0,7378,12166,109.313,116.801,110.81,110.8,110.76,110.75,110.68,110.53,110.52,110.5,110.3,110.19,288,1000,700,1000,15,200,200,200,200,200,113.29,113.41,113.42,113.43,113.5,113.68,113.95,113.99,114,114.3,378,200,200,194,926,200,500,200,200,109,1,1,3,1,1,1,1,1,1,1,1,1,1,1,1,1,1,1,1,1,3,"2023.03.23T01:32:41.855",134.76,89.84
"688293.SH","2023.03.23","09:32:44.000",101,112.3,2017,226787,113.29,112.3,0,113.68,110.68,0,7378,11966,109.314,116.859,110.81,110.8,110.76,110.75,110.68,110.53,110.52,110.5,110.3,110.19,488,1000,500,1000,15,200,200,200,200,200,113.29,113.41,113.42,113.43,113.5,113.68,113.95,113.99,114,114.3,178,200,200,194,926,200,500,200,200,109,2,1,2,1,1,1,1,1,1,1,1,1,1,1,1,1,1,1,1,1,3,"2023.03.23T01:32:44.876",134.76,89.84
"688293.SH","2023.03.23","09:32:47.000",101,112.3,2195,246953,113.29,112.3,0,113.68,110.68,0,7400,11788,109.326,116.913,113.29,110.81,110.8,110.76,110.75,110.68,110.53,110.52,110.5,110.3,22,488,1000,500,1000,15,200,200,200,200,113.41,113.42,113.43,113.5,113.68,113.95,113.99,114,114.3,114.32,200,200,194,926,200,500,200,200,109,1100,1,2,1,2,1,1,1,1,1,1,1,1,1,1,1,1,1,1,1,2,3,"2023.03.23T01:32:47.894",134.76,89.84
"688293.SH","2023.03.23","09:32:50.000",101,112.3,3017,340033,113.29,112.3,0,113.68,110.68,0,6690,12383,109.179,116.739,110.8,110.76,110.75,110.68,110.53,110.52,110.5,110.3,109.83,109.51,1000,500,1000,15,200,200,200,200,200,300,113.29,113.41,113.42,113.43,113.5,113.68,113.95,113.99,114,114.3,595,200,200,194,926,200,500,200,200,109,1,2,1,1,1,1,1,1,1,1,2,1,1,1,1,1,1,1,1,1,3,"2023.03.23T01:32:50.855",134.76,89.84
"688293.SH","2023.03.23","09:32:53.000",101,112.3,3417,385349,113.29,112.3,0,113.68,110.68,0,6690,12183,109.179,116.796,110.8,110.76,110.75,110.68,110.53,110.52,110.5,110.3,109.83,109.51,1000,500,1000,15,200,200,200,200,200,300,113.28,113.29,113.41,113.42,113.43,113.5,113.68,113.95,113.99,114,200,195,200,200,194,926,200,500,200,200,1,2,1,1,1,1,1,1,1,1,1,1,1,1,1,1,1,1,1,1,3,"2023.03.23T01:32:53.859",134.76,89.84
"688293.SH","2023.03.23","09:32:56.000",101,112.3,3417,385349,113.29,112.3,0,113.68,110.68,0,6622,12383,109.172,116.739,110.83,110.82,110.81,110.8,110.76,110.68,110.53,110.52,110.5,110.3,204,288,440,1000,500,15,200,200,200,200,113.27,113.28,113.29,113.41,113.42,113.43,113.5,113.68,113.95,113.99,200,200,195,200,200,194,926,200,500,200,1,1,2,1,2,1,1,1,1,1,1,1,1,1,1,1,1,1,1,1,3,"2023.03.23T01:32:56.850",134.76,89.84
"688293.SH","2023.03.23","09:32:59.000",101,112.3,3417,385349,113.29,112.3,0,113.68,110.68,0,7326,12583,109.317,116.683,110.84,110.83,110.82,110.81,110.8,110.76,110.68,110.53,110.52,110.5,204,204,288,740,1000,500,15,200,200,200,113.26,113.27,113.28,113.29,113.41,113.42,113.43,113.5,113.68,113.95,200,200,200,195,200,200,194,926,200,500,1,1,1,3,1,2,1,1,1,1,1,1,1,1,1,1,1,1,1,1,3,"2023.03.23T01:32:59.852",134.76,89.84
"688293.SH","2023.03.23","09:33:02.000",101,112.3,3417,385349,113.29,112.3,0,113.68,110.68,0,7461,13700,109.346,116.437,110.86,110.85,110.84,110.83,110.81,110.8,110.76,110.68,110.53,110.52,223,200,204,204,740,1000,500,15,200,200,113.25,113.26,113.27,113.28,113.29,113.4,113.41,113.43,113.5,113.68,200,200,200,200,195,917,200,194,926,200,1,1,1,1,3,1,2,1,1,1,1,1,1,1,1,1,1,1,1,1,3,"2023.03.23T01:33:02.857",134.76,89.84
"688293.SH","2023.03.23","09:33:05.000",101,112.3,3617,407999,113.25,112.3,0,113.68,110.68,0,8033,13700,109.411,116.437,110.87,110.86,110.85,110.84,110.83,110.81,110.8,110.76,110.68,110.53,302,223,200,204,204,740,1000,500,15,200,113.25,113.26,113.27,113.28,113.29,113.4,113.41,113.43,113.5,113.68,200,200,200,200,195,917,200,194,926,200,1,1,1,1,1,3,1,2,1,1,1,1,1,1,1,1,1,1,1,1,3,"2023.03.23T01:33:05.921",134.76,89.84
"688293.SH","2023.03.23","09:33:08.000",101,112.3,3617,407999,113.25,112.3,0,113.68,110.68,0,7833,13900,109.374,116.391,110.87,110.86,110.84,110.83,110.81,110.8,110.76,110.68,110.53,110.52,302,223,204,204,740,1000,500,15,200,200,113.24,113.25,113.26,113.27,113.28,113.29,113.4,113.41,113.43,113.5,200,200,200,200,200,195,917,200,194,926,1,1,1,1,3,1,2,1,1,1,1,1,1,1,1,1,1,1,1,1,3,"2023.03.23T01:33:08.890",134.76,89.84
"688293.SH","2023.03.23","09:33:11.000",101,112.3,3617,407999,113.25,112.3,0,113.68,110.68,0,8500,13900,109.492,116.391,110.88,110.87,110.86,110.84,110.83,110.81,110.8,110.76,110.68,110.53,667,302,223,204,204,740,1000,500,15,200,113.24,113.25,113.26,113.27,113.28,113.29,113.4,113.41,113.43,113.5,200,200,200,200,200,195,917,200,194,926,3,1,1,1,1,3,1,2,1,1,1,1,1,1,1,1,1,1,1,1,3,"2023.03.23T01:33:11.857",134.76,89.84
"688293.SH","2023.03.23","09:33:14.000",101,112.3,3617,407999,113.25,112.3,0,113.68,110.68,0,8500,14900,109.492,116.297,110.88,110.87,110.86,110.84,110.83,110.81,110.8,110.76,110.68,110.53,667,302,223,204,204,740,1000,500,15,200,113.24,113.25,113.26,113.27,113.28,113.29,113.4,113.41,113.43,113.5,200,200,200,200,200,195,917,200,194,926,3,1,1,1,1,3,1,2,1,1,1,1,1,1,1,1,1,1,1,1,3,"2023.03.23T01:33:14.849",134.76,89.84
"688293.SH","2023.03.23","09:33:17.000",101,112.3,3617,407999,113.25,112.3,0,113.68,110.68,0,8077,15111,109.423,116.254,110.88,110.87,110.84,110.83,110.81,110.8,110.76,110.68,110.53,110.52,667,302,204,204,740,1000,300,15,200,200,113.23,113.24,113.25,113.26,113.27,113.28,113.29,113.4,113.41,113.43,211,200,200,200,200,200,195,917,200,194,3,1,1,1,3,1,1,1,1,1,1,1,1,1,1,1,1,1,1,1,3,"2023.03.23T01:33:17.873",134.76,89.84
"688293.SH","2023.03.23","09:33:20.000",101,112.3,3617,407999,113.25,112.3,0,113.68,110.68,0,8968,15483,109.516,116.183,110.9,110.89,110.88,110.87,110.84,110.83,110.81,110.8,110.76,110.68,294,297,667,302,204,204,740,1000,300,15,113.23,113.24,113.25,113.26,113.27,113.28,113.29,113.4,113.41,113.43,205,200,200,200,200,200,573,917,200,194,1,1,3,1,1,1,3,1,1,1,1,1,1,1,1,1,2,1,1,1,3,"2023.03.23T01:33:20.856",134.76,89.84
"688293.SH","2023.03.23","09:33:23.000",101,112.3,3617,407999,113.25,112.3,0,113.68,110.68,0,9669,15483,109.619,116.183,110.91,110.9,110.89,110.88,110.84,110.83,110.81,110.8,110.76,110.68,223,1294,297,667,204,204,520,1000,300,15,113.23,113.24,113.25,113.26,113.27,113.28,113.29,113.4,113.41,113.43,205,200,200,200,200,200,573,917,200,194,1,2,1,3,1,1,2,1,1,1,1,1,1,1,1,1,2,1,1,1,3,"2023.03.23T01:33:23.849",134.76,89.84
"688293.SH","2023.03.23","09:33:26.000",101,112.3,3617,407999,113.25,112.3,0,113.68,110.68,0,9751,15483,109.633,116.183,110.92,110.91,110.9,110.89,110.88,110.84,110.83,110.81,110.8,110.76,302,223,1294,297,667,204,204,300,1000,300,113.23,113.24,113.25,113.26,113.27,113.28,113.29,113.4,113.41,113.43,205,200,200,200,200,200,573,917,200,194,1,1,2,1,3,1,1,1,1,1,1,1,1,1,1,1,2,1,1,1,3,"2023.03.23T01:33:26.873",134.76,89.84
"688293.SH","2023.03.23","09:33:29.000",101,112.3,3617,407999,113.25,112.3,0,113.68,110.68,0,10151,15483,109.683,116.183,110.92,110.91,110.9,110.89,110.88,110.84,110.83,110.81,110.8,110.76,702,223,1294,297,667,204,204,300,1000,300,113.23,113.24,113.25,113.26,113.27,113.28,113.29,113.4,113.41,113.43,205,200,200,200,200,200,573,917,200,194,2,1,2,1,3,1,1,1,1,1,1,1,1,1,1,1,2,1,1,1,3,"2023.03.23T01:33:29.854",134.76,89.84
"688293.SH","2023.03.23","09:33:32.000",101,112.3,3617,407999,113.25,112.3,0,113.68,110.68,0,10351,15683,109.678,116.146,110.92,110.91,110.9,110.89,110.88,110.84,110.83,110.81,110.8,110.76,702,223,1294,297,667,204,204,300,1000,300,113.23,113.24,113.25,113.26,113.27,113.28,113.29,113.4,113.41,113.43,205,200,400,200,200,200,573,917,200,194,2,1,2,1,3,1,1,1,1,1,1,1,2,1,1,1,2,1,1,1,3,"2023.03.23T01:33:32.852",134.76,89.84
"688293.SH","2023.03.23","09:33:35.000",101,112.3,3617,407999,113.25,112.3,0,113.68,110.68,0,10351,15489,109.678,116.18,110.92,110.91,110.9,110.89,110.88,110.84,110.83,110.81,110.8,110.76,702,223,1294,297,667,204,204,300,1000,300,113.23,113.24,113.25,113.26,113.27,113.28,113.29,113.4,113.41,113.5,205,200,400,200,200,200,573,917,200,926,2,1,2,1,3,1,1,1,1,1,1,1,2,1,1,1,2,1,1,1,3,"2023.03.23T01:33:35.855",134.76,89.84
"688293.SH","2023.03.23","09:33:38.000",101,112.3,3617,407999,113.25,112.3,0,113.68,110.68,0,8943,15489,109.499,116.18,110.92,110.91,110.9,110.89,110.88,110.81,110.76,110.68,110.53,110.52,702,223,1294,297,667,300,300,15,200,200,113.23,113.24,113.25,113.26,113.27,113.28,113.29,113.4,113.41,113.5,205,200,400,200,200,200,573,917,200,926,2,1,2,1,3,1,1,1,1,1,1,1,2,1,1,1,2,1,1,1,3,"2023.03.23T01:33:38.933",134.76,89.84
"688293.SH","2023.03.23","09:33:41.000",101,112.3,3617,407999,113.25,112.3,0,113.68,110.68,0,8943,15380,109.499,116.193,110.92,110.91,110.9,110.89,110.88,110.81,110.76,110.68,110.53,110.52,702,223,1294,297,667,300,300,15,200,200,113.23,113.24,113.25,113.26,113.27,113.28,113.29,113.4,113.41,113.5,205,200,400,200,200,200,573,917,200,926,2,1,2,1,3,1,1,1,1,1,1,1,2,1,1,1,2,1,1,1,3,"2023.03.23T01:33:41.868",134.76,89.84
"688293.SH","2023.03.23","09:33:44.000",101,112.3,3617,407999,113.25,112.3,0,113.68,110.68,0,8943,15680,109.499,116.195,110.92,110.91,110.9,110.89,110.88,110.81,110.76,110.68,110.53,110.52,702,223,1294,297,667,300,300,15,200,200,113.23,113.24,113.25,113.26,113.27,113.28,113.29,113.4,113.41,113.5,205,200,400,200,200,200,573,917,200,926,2,1,2,1,3,1,1,1,1,1,1,1,2,1,1,1,2,1,1,1,3,"2023.03.23T01:33:44.918",134.76,89.84
"688293.SH","2023.03.23","09:33:47.000",101,112.3,3617,407999,113.25,112.3,0,113.68,110.68,0,8720,16091,109.463,116.119,110.92,110.9,110.89,110.88,110.81,110.76,110.68,110.53,110.52,110.5,702,1294,297,667,300,300,15,200,200,200,113.22,113.23,113.24,113.25,113.26,113.27,113.28,113.29,113.4,113.41,211,205,200,600,200,200,200,573,917,200,2,2,1,3,1,1,1,1,1,1,1,1,1,3,1,1,1,2,1,1,3,"2023.03.23T01:33:47.850",134.76,89.84
"688293.SH","2023.03.23","09:33:53.000",101,112.3,3617,407999,113.25,112.3,0,113.68,110.68,0,8720,16542,109.463,116.04,110.92,110.9,110.89,110.88,110.81,110.76,110.68,110.53,110.52,110.5,702,1294,297,667,300,300,15,200,200,200,113.19,113.2,113.22,113.23,113.24,113.25,113.26,113.27,113.28,113.29,257,194,211,205,200,600,200,200,200,573,2,2,1,3,1,1,1,1,1,1,1,1,1,1,1,3,1,1,1,2,3,"2023.03.23T01:33:53.850",134.76,89.84
"688293.SH","2023.03.23","09:33:56.000",101,112.3,3617,407999,113.25,112.3,0,113.68,110.68,0,8618,16542,109.448,116.04,111.01,110.92,110.9,110.89,110.88,110.81,110.76,110.68,110.53,110.52,200,400,1294,297,667,300,300,15,200,200,113.19,113.2,113.22,113.23,113.24,113.25,113.26,113.27,113.28,113.29,257,194,211,205,200,600,200,200,200,573,1,1,2,1,3,1,1,1,1,1,1,1,1,1,1,3,1,1,1,2,3,"2023.03.23T01:33:56.863",134.76,89.84
"688293.SH","2023.03.23","09:33:59.000",101,112.3,3617,407999,113.25,112.3,0,113.68,110.68,0,9120,15148,109.533,116.282,111.02,111.01,110.93,110.92,110.9,110.89,110.88,110.81,110.76,110.68,302,200,200,400,1294,297,667,300,300,15,113.2,113.23,113.24,113.25,113.26,113.27,113.28,113.29,113.4,113.41,194,205,200,600,200,200,200,573,917,200,1,1,1,1,2,1,3,1,1,1,1,1,1,3,1,1,1,2,1,1,3,"2023.03.23T01:33:59.858",134.76,89.84
"688293.SH","2023.03.23","09:34:02.000",101,112.3,3617,407999,113.25,112.3,0,113.68,110.68,0,9120,17481,109.533,115.87,111.02,111.01,110.93,110.92,110.9,110.89,110.88,110.81,110.76,110.68,302,200,200,400,1294,297,667,300,300,15,113.18,113.19,113.2,113.23,113.24,113.25,113.26,113.27,113.28,113.29,333,2000,194,205,200,600,200,200,200,573,1,1,1,1,2,1,3,1,1,1,1,1,1,1,1,3,1,1,1,2,3,"2023.03.23T01:34:02.866",134.76,89.84
"688293.SH","2023.03.23","09:34:05.000",101,112.3,3617,407999,113.25,112.3,0,113.68,110.68,0,9120,17722,109.533,115.833,111.02,111.01,110.93,110.92,110.9,110.89,110.88,110.81,110.76,110.68,302,200,200,400,1294,297,667,300,300,15,113.18,113.19,113.2,113.23,113.24,113.25,113.26,113.27,113.28,113.29,574,2000,194,205,200,600,200,200,200,573,1,1,1,1,2,1,3,1,1,1,2,1,1,1,1,3,1,1,1,2,3,"2023.03.23T01:34:05.856",134.76,89.84
"688293.SH","2023.03.23","09:34:08.000",101,112.3,3617,407999,113.25,112.3,0,113.68,110.68,0,9120,17528,109.533,115.862,111.02,111.01,110.93,110.92,110.9,110.89,110.88,110.81,110.76,110.68,302,200,200,400,1294,297,667,300,300,15,113.18,113.19,113.23,113.24,113.25,113.26,113.27,113.28,113.29,113.4,574,2000,205,200,600,200,200,200,573,917,1,1,1,1,2,1,3,1,1,1,2,1,1,1,3,1,1,1,2,1,3,"2023.03.23T01:34:08.901",134.76,89.84
"688293.SH","2023.03.23","09:34:14.000",101,112.3,3617,407999,113.25,112.3,0,113.68,110.68,0,9420,16954,109.57,115.953,111.02,111.01,110.93,110.92,110.9,110.89,110.88,110.81,110.76,110.7,302,200,200,400,1294,297,667,300,300,300,113.19,113.23,113.24,113.25,113.26,113.27,113.28,113.29,113.4,113.41,2000,205,200,600,200,200,200,573,917,200,1,1,1,1,2,1,3,1,1,1,1,1,1,3,1,1,1,2,1,1,3,"2023.03.23T01:34:14.851",134.76,89.84
"688293.SH","2023.03.23","09:34:17.000",101,112.3,3817,430637,113.19,112.3,0,113.68,110.68,0,11661,16754,109.828,115.986,111.03,111.02,111.01,110.93,110.92,110.9,110.89,110.88,110.81,110.76,241,302,200,200,400,3294,297,667,300,300,113.19,113.23,113.24,113.25,113.26,113.27,113.28,113.29,113.4,113.41,1800,205,200,600,200,200,200,573,917,200,1,1,1,1,1,3,1,3,1,1,1,1,1,3,1,1,1,2,1,1,3,"2023.03.23T01:34:17.889",134.76,89.84
"688293.SH","2023.03.23","09:34:20.000",101,112.3,3817,430637,113.19,112.3,0,113.68,110.68,0,12119,16754,109.86,115.986,111.04,111.03,111.02,111.01,110.93,110.92,110.9,110.89,110.88,110.81,258,241,302,200,200,400,3294,297,667,300,113.19,113.23,113.24,113.25,113.26,113.27,113.28,113.29,113.4,113.41,1800,205,200,600,200,200,200,573,917,200,1,1,1,1,1,1,3,1,3,1,1,1,1,3,1,1,1,2,1,1,3,"2023.03.23T01:34:20.869",134.76,89.84
"688293.SH","2023.03.23","09:34:23.000",101,112.3,3817,430637,113.19,112.3,0,113.68,110.68,0,11719,16754,109.832,115.986,111.05,111.04,111.03,111.02,111.01,110.93,110.92,110.9,110.89,110.88,600,258,241,302,200,200,400,2294,297,667,113.19,113.23,113.24,113.25,113.26,113.27,113.28,113.29,113.4,113.41,1800,205,200,600,200,200,200,573,917,200,1,1,1,1,1,1,1,2,1,3,1,1,1,3,1,1,1,2,1,1,3,"2023.03.23T01:34:23.852",134.76,89.84
"688293.SH","2023.03.23","09:34:26.000",101,112.3,3817,430637,113.19,112.3,0,113.68,110.68,0,11719,16948,109.832,115.953,111.05,111.04,111.03,111.02,111.01,110.93,110.92,110.9,110.89,110.88,600,258,241,302,200,200,400,2294,297,667,113.15,113.19,113.23,113.24,113.25,113.26,113.27,113.28,113.29,113.4,194,1800,205,200,600,200,200,200,573,917,1,1,1,1,1,1,1,2,1,3,1,1,1,1,3,1,1,1,2,1,3,"2023.03.23T01:34:26.957",134.76,89.84
"688293.SH","2023.03.23","09:34:32.000",101,112.3,3817,430637,113.19,112.3,0,113.68,110.68,0,11625,17148,109.826,115.921,111.06,111.05,111.04,111.03,111.02,111.01,110.93,110.92,110.9,110.89,200,600,258,241,302,200,200,400,2000,297,113.14,113.15,113.19,113.23,113.24,113.25,113.26,113.27,113.28,113.29,200,194,1800,205,200,600,200,200,200,573,1,1,1,1,1,1,1,1,1,1,1,1,1,1,1,3,1,1,1,2,3,"2023.03.23T01:34:32.849",134.76,89.84
"688293.SH","2023.03.23","09:34:35.000",101,112.3,3817,430637,113.19,112.3,0,113.68,110.68,0,11323,17148,109.795,115.921,111.06,111.05,111.04,111.03,111.01,110.93,110.92,110.9,110.89,110.88,200,600,258,241,200,200,400,2000,297,667,113.14,113.15,113.19,113.23,113.24,113.25,113.26,113.27,113.28,113.29,200,194,1800,205,200,600,200,200,200,573,1,1,1,1,1,1,1,1,1,3,1,1,1,1,1,3,1,1,1,2,3,"2023.03.23T01:34:35.850",134.76,89.84
"688293.SH","2023.03.23","09:34:38.000",101,112.3,3817,430637,113.19,112.3,0,113.68,110.68,0,12325,17371,109.906,115.885,111.1,111.09,111.07,111.05,111.01,110.93,110.92,110.9,110.89,110.88,200,1399,302,600,200,200,400,2000,297,467,113.11,113.14,113.15,113.19,113.23,113.24,113.25,113.26,113.27,113.28,223,200,194,1800,205,200,600,200,200,200,1,6,1,1,1,1,1,1,1,2,1,1,1,1,1,1,3,1,1,1,3,"2023.03.23T01:34:38.871",134.76,89.84
"688293.SH","2023.03.23","09:34:41.000",101,112.3,4017,453259,113.11,112.3,0,113.68,110.68,0,13824,17171,110.05,115.917,111.18,111.17,111.16,111.15,111.14,111.13,111.11,111.09,111.01,110.93,870,560,200,270,200,500,700,700,200,200,113.11,113.14,113.15,113.19,113.23,113.24,113.25,113.26,113.27,113.28,23,200,194,1800,205,200,600,200,200,200,4,2,1,1,1,2,3,3,1,1,1,1,1,1,1,1,3,1,1,1,3,"2023.03.23T01:34:41.901",134.76,89.84
"688293.SH","2023.03.23","09:34:44.000",101,112.3,4417,498505,113.14,112.3,0,113.68,110.68,0,14065,16295,110.07,116.059,111.19,111.18,111.17,111.16,111.15,111.14,111.13,111.11,111.09,111.01,241,870,560,200,270,200,500,700,700,200,113.13,113.14,113.15,113.19,113.23,113.25,113.29,113.4,113.41,113.68,200,147,194,1800,205,400,573,917,200,200,1,4,2,1,1,1,2,3,3,1,1,1,1,1,1,2,2,1,1,1,3,"2023.03.23T01:34:44.854",134.76,89.84
"688293.SH","2023.03.23","09:34:50.000",101,112.3,4417,498505,113.14,112.3,0,113.68,110.68,0,13765,16295,110.055,116.059,111.19,111.18,111.17,111.16,111.15,111.14,111.13,111.11,111.09,111.01,241,870,560,200,270,200,500,700,700,200,113.13,113.14,113.15,113.19,113.23,113.25,113.29,113.4,113.41,113.68,200,147,194,1800,205,400,573,917,200,200,1,4,2,1,1,1,2,3,3,1,1,1,1,1,1,2,2,1,1,1,3,"2023.03.23T01:34:50.857",134.76,89.84
"688293.SH","2023.03.23","09:34:53.000",101,112.3,4417,498505,113.14,112.3,0,113.68,110.68,0,13765,16295,110.055,116.059,111.19,111.18,111.17,111.16,111.15,111.14,111.13,111.11,111.09,111.01,241,870,560,200,270,200,500,700,700,200,113.13,113.14,113.15,113.19,113.23,113.25,113.29,113.4,113.41,113.68,200,147,194,1800,205,400,573,917,200,200,1,4,2,1,1,1,2,3,3,1,1,1,1,1,1,2,2,1,1,1,3,"2023.03.23T01:34:53.864",134.76,89.84
"688293.SH","2023.03.23","09:35:02.000",101,112.3,4417,498505,113.14,112.3,0,113.68,110.68,0,14005,16495,110.075,116.023,111.2,111.19,111.18,111.17,111.16,111.15,111.14,111.13,111.11,111.09,440,241,670,560,200,270,200,500,700,700,113.12,113.13,113.14,113.15,113.19,113.23,113.25,113.29,113.4,113.41,200,200,147,194,1800,205,400,573,917,200,2,1,3,2,1,1,1,2,3,3,1,1,1,1,1,1,2,2,1,1,3,"2023.03.23T01:35:02.866",134.76,89.84
"688293.SH","2023.03.23","09:35:05.000",101,112.3,4417,498505,113.14,112.3,0,113.68,110.68,0,14005,16290,110.075,116.058,111.2,111.19,111.18,111.17,111.16,111.15,111.14,111.13,111.11,111.09,440,241,670,560,200,270,200,500,700,700,113.12,113.13,113.14,113.15,113.19,113.25,113.29,113.4,113.41,113.68,200,200,147,194,1800,400,573,917,200,200,2,1,3,2,1,1,1,2,3,3,1,1,1,1,1,2,2,1,1,1,3,"2023.03.23T01:35:05.915",134.76,89.84
"688293.SH","2023.03.23","09:35:11.000",101,112.3,4417,498505,113.14,112.3,0,113.68,110.68,0,13645,16096,110.047,116.093,111.21,111.2,111.19,111.18,111.16,111.15,111.14,111.13,111.11,111.09,200,440,241,670,200,270,200,500,700,700,113.12,113.13,113.14,113.19,113.25,113.29,113.4,113.41,113.68,113.95,200,200,147,1800,400,573,917,200,200,500,1,2,1,3,1,1,1,2,3,3,1,1,1,1,2,2,1,1,1,1,3,"2023.03.23T01:35:11.908",134.76,89.84
"688293.SH","2023.03.23","09:35:14.000",101,112.3,4417,498505,113.14,112.3,0,113.68,110.68,0,13947,16096,110.072,116.093,111.22,111.2,111.19,111.18,111.16,111.15,111.14,111.13,111.11,111.09,502,440,241,670,200,270,200,500,700,700,113.12,113.13,113.14,113.19,113.25,113.29,113.4,113.41,113.68,113.95,200,200,147,1800,400,573,917,200,200,500,2,2,1,3,1,1,1,2,3,3,1,1,1,1,2,2,1,1,1,1,3,"2023.03.23T01:35:14.890",134.76,89.84
"688293.SH","2023.03.23","09:35:17.000",101,112.3,4417,498505,113.14,112.3,0,113.68,110.68,0,14208,16096,110.094,116.093,111.24,111.23,111.22,111.2,111.18,111.16,111.15,111.14,111.13,111.11,210,492,302,440,670,200,270,200,500,700,113.12,113.13,113.14,113.19,113.25,113.29,113.4,113.41,113.68,113.95,200,200,147,1800,400,573,917,200,200,500,1,2,1,2,3,1,1,1,2,3,1,1,1,1,2,2,1,1,1,1,3,"2023.03.23T01:35:17.901",134.76,89.84
"688293.SH","2023.03.23","09:35:20.000",101,112.3,4417,498505,113.14,112.3,0,113.68,110.68,0,14208,16096,110.095,116.093,111.25,111.24,111.23,111.22,111.2,111.18,111.16,111.15,111.14,111.13,200,210,292,302,440,670,200,270,200,500,113.12,113.13,113.14,113.19,113.25,113.29,113.4,113.41,113.68,113.95,200,200,147,1800,400,573,917,200,200,500,1,1,1,1,2,3,1,1,1,2,1,1,1,1,2,2,1,1,1,1,3,"2023.03.23T01:35:20.900",134.76,89.84
"688293.SH","2023.03.23","09:35:23.000",101,112.3,4417,498505,113.14,112.3,0,113.68,110.68,0,13906,16690,110.07,115.986,111.26,111.24,111.23,111.2,111.18,111.16,111.15,111.14,111.13,111.11,200,210,292,440,670,200,270,200,500,700,113,113.12,113.13,113.14,113.19,113.25,113.29,113.4,113.41,113.68,194,600,200,147,1800,400,573,917,200,200,1,1,1,2,3,1,1,1,2,3,1,2,1,1,1,2,2,1,1,1,3,"2023.03.23T01:35:23.865",134.76,89.84
"688293.SH","2023.03.23","09:35:26.000",101,112.3,4417,498505,113.14,112.3,0,113.68,110.68,0,14170,16690,110.104,115.986,111.46,111.45,111.44,111.27,111.2,111.18,111.16,111.15,111.14,111.13,302,241,223,200,440,670,200,270,200,500,113,113.12,113.13,113.14,113.19,113.25,113.29,113.4,113.41,113.68,194,600,200,147,1800,400,573,917,200,200,1,1,1,1,2,3,1,1,1,2,1,2,1,1,1,2,2,1,1,1,3,"2023.03.23T01:35:26.857",134.76,89.84
"688293.SH","2023.03.23","09:35:29.000",101,112.3,4417,498505,113.14,112.3,0,113.68,110.68,0,14022,16543,110.101,116.011,111.47,111.46,111.45,111.44,111.18,111.16,111.15,111.14,111.13,111.11,492,302,241,223,670,200,270,200,500,700,113,113.12,113.13,113.19,113.25,113.29,113.4,113.41,113.68,113.95,194,600,200,1800,400,573,917,200,200,500,2,1,1,1,3,1,1,1,2,3,1,2,1,1,2,2,1,1,1,1,3,"2023.03.23T01:35:29.889",134.76,89.84
"688293.SH","2023.03.23","09:35:32.000",101,112.3,4417,498505,113.14,112.3,0,113.68,110.68,0,14022,16543,110.101,116.011,111.48,111.47,111.46,111.45,111.44,111.18,111.16,111.15,111.14,111.13,200,292,302,241,223,670,200,270,200,500,113,113.12,113.13,113.19,113.25,113.29,113.4,113.41,113.68,113.95,194,600,200,1800,400,573,917,200,200,500,1,1,1,1,1,3,1,1,1,2,1,2,1,1,2,2,1,1,1,1,3,"2023.03.23T01:35:32.856",134.76,89.84
"688293.SH","2023.03.23","09:35:35.000",101,112.3,4417,498505,113.14,112.3,0,113.68,110.68,0,13991,15831,110.099,116.125,111.5,111.49,111.47,111.46,111.44,111.18,111.16,111.15,111.14,111.13,210,200,292,302,223,670,200,270,200,500,113,113.08,113.12,113.13,113.19,113.25,113.29,113.41,113.68,113.95,194,205,600,200,1800,400,573,200,200,500,1,1,1,1,1,3,1,1,1,2,1,1,2,1,1,2,2,1,1,1,3,"2023.03.23T01:35:35.854",134.76,89.84
"688293.SH","2023.03.23","09:35:38.000",101,112.3,4417,498505,113.14,112.3,0,113.68,110.68,0,13699,15831,110.071,116.125,111.51,111.5,111.44,111.18,111.16,111.15,111.14,111.13,111.11,111.09,502,210,223,670,200,270,200,500,700,700,113,113.08,113.12,113.13,113.19,113.25,113.29,113.41,113.68,113.95,194,205,600,200,1800,400,573,200,200,500,2,1,1,3,1,1,1,2,3,3,1,1,2,1,1,2,2,1,1,1,3,"2023.03.23T01:35:38.856",134.76,89.84
"688293.SH","2023.03.23","09:35:41.000",101,112.3,4417,498505,113.14,112.3,0,113.68,110.68,0,13699,15631,110.071,116.161,111.52,111.51,111.5,111.44,111.18,111.16,111.15,111.14,111.13,111.11,200,302,210,223,670,200,270,200,500,700,113,113.08,113.12,113.13,113.19,113.25,113.29,113.41,113.68,113.95,194,205,600,200,1800,200,573,200,200,500,1,1,1,1,3,1,1,1,2,3,1,1,2,1,1,1,2,1,1,1,3,"2023.03.23T01:35:41.881",134.76,89.84
"688293.SH","2023.03.23","09:35:44.000",101,112.3,4617,520807,111.51,112.3,0,113.68,110.68,0,13299,15631,110.028,116.161,111.51,111.5,111.44,111.18,111.16,111.15,111.14,111.13,111.11,111.09,102,210,223,670,200,270,200,500,700,700,113,113.08,113.12,113.13,113.19,113.25,113.29,113.41,113.68,113.95,194,205,600,200,1800,200,573,200,200,500,1,1,1,3,1,1,1,2,3,3,1,1,2,1,1,1,2,1,1,1,3,"2023.03.23T01:35:44.860",134.76,89.84
"688293.SH","2023.03.23","09:35:47.000",101,112.3,4617,520807,111.51,112.3,0,113.68,110.68,0,13299,15731,110.028,116.141,111.51,111.5,111.44,111.18,111.16,111.15,111.14,111.13,111.11,111.09,102,210,223,670,200,270,200,500,700,700,113,113.08,113.12,113.13,113.19,113.25,113.29,113.41,113.68,113.95,294,205,600,200,1800,200,573,200,200,500,1,1,1,3,1,1,1,2,3,3,2,1,2,1,1,1,2,1,1,1,3,"2023.03.23T01:35:47.856",134.76,89.84
"688293.SH","2023.03.23","09:35:50.000",101,112.3,4617,520807,111.51,112.3,0,113.68,110.68,0,12987,16012,109.992,116.086,111.44,111.18,111.16,111.15,111.14,111.13,111.11,111.09,111.01,110.93,223,670,200,270,200,500,700,700,200,200,113,113.08,113.12,113.13,113.19,113.25,113.29,113.41,113.68,113.95,575,205,600,200,1800,200,573,200,200,500,1,3,1,1,1,2,3,3,1,1,3,1,2,1,1,1,2,1,1,1,3,"2023.03.23T01:35:50.852",134.76,89.84
"688293.SH","2023.03.23","09:35:53.000",101,112.3,4617,520807,111.51,112.3,0,113.68,110.68,0,12987,16012,109.992,116.086,111.44,111.18,111.16,111.15,111.14,111.13,111.11,111.09,111.01,110.93,223,670,200,270,200,500,700,700,200,200,113,113.08,113.12,113.13,113.19,113.25,113.29,113.41,113.68,113.95,575,205,600,200,1800,200,573,200,200,500,1,3,1,1,1,2,3,3,1,1,3,1,2,1,1,1,2,1,1,1,3,"2023.03.23T01:35:53.855",134.76,89.84
"688293.SH","2023.03.23","09:35:56.000",101,112.3,4617,520807,111.51,112.3,0,113.68,110.68,0,13228,16628,110.019,115.972,111.45,111.44,111.18,111.16,111.15,111.14,111.13,111.11,111.09,111.01,241,223,670,200,270,200,500,700,700,200,112.99,113,113.08,113.12,113.13,113.19,113.25,113.29,113.41,113.68,616,575,205,600,200,1800,200,573,200,200,1,1,3,1,1,1,2,3,3,1,2,3,1,2,1,1,1,2,1,1,3,"2023.03.23T01:35:56.853",134.76,89.84
"688293.SH","2023.03.23","09:35:59.000",101,112.3,4617,520807,111.51,112.3,0,113.68,110.68,0,12987,16628,109.992,115.972,111.44,111.18,111.16,111.15,111.14,111.13,111.11,111.09,111.01,110.93,223,670,200,270,200,500,700,700,200,200,112.99,113,113.08,113.12,113.13,113.19,113.25,113.29,113.41,113.68,616,575,205,600,200,1800,200,573,200,200,1,3,1,1,1,2,3,3,1,1,2,3,1,2,1,1,1,2,1,1,3,"2023.03.23T01:35:59.857",134.76,89.84
"688293.SH","2023.03.23","09:36:02.000",101,112.3,4617,520807,111.51,112.3,0,113.68,110.68,0,12987,16669,109.992,115.962,111.44,111.18,111.16,111.15,111.14,111.13,111.11,111.09,111.01,110.93,223,670,200,270,200,500,700,700,200,200,112.98,112.99,113,113.08,113.12,113.13,113.19,113.25,113.29,113.41,241,616,575,205,400,200,1800,200,573,200,1,3,1,1,1,2,3,3,1,1,1,2,3,1,1,1,1,1,2,1,3,"2023.03.23T01:36:02.858",134.76,89.84
"688293.SH","2023.03.23","09:36:08.000",101,112.3,4617,520807,111.51,112.3,0,113.68,110.68,0,12987,17595,109.992,115.804,111.44,111.18,111.16,111.15,111.14,111.13,111.11,111.09,111.01,110.93,223,670,200,270,200,500,700,700,200,200,112.95,112.98,112.99,113,113.08,113.12,113.13,113.19,113.25,113.29,926,241,616,575,205,400,200,1800,200,573,1,3,1,1,1,2,3,3,1,1,1,1,2,3,1,1,1,1,1,2,3,"2023.03.23T01:36:08.858",134.76,89.84
"688293.SH","2023.03.23","09:36:20.000",101,112.3,4617,520807,111.51,112.3,0,113.68,110.68,0,12987,17449,109.992,115.825,111.44,111.18,111.16,111.15,111.14,111.13,111.11,111.09,111.01,110.93,223,670,200,270,200,500,700,700,200,200,112.94,112.95,112.98,113,113.08,113.12,113.13,113.19,113.25,113.29,664,926,241,381,205,400,200,1800,200,573,1,3,1,1,1,2,3,3,1,1,2,1,1,2,1,1,1,1,1,2,3,"2023.03.23T01:36:20.859",134.76,89.84
"688293.SH","2023.03.23","09:36:23.000",101,112.3,4617,520807,111.51,112.3,0,113.68,110.68,0,12987,17208,109.992,115.865,111.44,111.18,111.16,111.15,111.14,111.13,111.11,111.09,111.01,110.93,223,670,200,270,200,500,700,700,200,200,112.94,112.95,113,113.08,113.12,113.13,113.19,113.25,113.29,113.41,664,926,381,205,400,200,1800,200,573,200,1,3,1,1,1,2,3,3,1,1,2,1,2,1,1,1,1,1,2,1,3,"2023.03.23T01:36:23.856",134.76,89.84
"688293.SH","2023.03.23","09:36:26.000",101,112.3,4617,520807,111.51,112.3,0,113.68,110.68,0,12987,17849,109.992,115.761,111.44,111.18,111.16,111.15,111.14,111.13,111.11,111.09,111.01,110.93,223,670,200,270,200,500,700,700,200,200,112.93,112.94,112.95,113,113.08,113.12,113.13,113.19,113.25,113.29,241,664,926,781,205,400,200,1800,200,573,1,3,1,1,1,2,3,3,1,1,1,2,1,3,1,1,1,1,1,2,3,"2023.03.23T01:36:26.848",134.76,89.84
"688293.SH","2023.03.23","09:36:38.000",101,112.3,4617,520807,111.51,112.3,0,113.68,110.68,0,12987,17802,109.992,115.768,111.44,111.18,111.16,111.15,111.14,111.13,111.11,111.09,111.01,110.93,223,670,200,270,200,500,700,700,200,200,112.8,112.94,112.95,113,113.08,113.12,113.13,113.19,113.25,113.29,194,664,926,781,205,400,200,1800,200,573,1,3,1,1,1,2,3,3,1,1,1,2,1,3,1,1,1,1,1,2,3,"2023.03.23T01:36:38.854",134.76,89.84
"688293.SH","2023.03.23","09:36:53.000",101,112.3,4617,520807,111.51,112.3,0,113.68,110.68,0,12987,17802,109.992,115.768,111.44,111.18,111.16,111.15,111.14,111.13,111.11,111.09,111.01,110.93,223,670,200,270,200,500,700,700,200,200,112.8,112.94,112.95,113,113.08,113.12,113.13,113.19,113.25,113.29,194,664,926,781,205,400,200,1800,200,573,1,3,1,1,1,2,3,3,1,1,1,2,1,3,1,1,1,1,1,2,3,"2023.03.23T01:36:53.863",134.76,89.84
"688293.SH","2023.03.23","09:36:56.000",101,112.3,4617,520807,111.51,112.3,0,113.68,110.68,0,12987,17379,109.992,115.834,111.44,111.18,111.16,111.15,111.14,111.13,111.11,111.09,111.01,110.93,223,670,200,270,200,500,700,700,200,200,112.79,112.8,112.95,113,113.08,113.12,113.13,113.19,113.25,113.29,241,194,926,781,205,400,200,1800,200,573,1,3,1,1,1,2,3,3,1,1,1,1,1,3,1,1,1,1,1,2,3,"2023.03.23T01:36:56.887",134.76,89.84
"688293.SH","2023.03.23","09:36:59.000",101,112.3,4617,520807,111.51,112.3,0,113.68,110.68,0,12987,18043,109.992,115.722,111.44,111.18,111.16,111.15,111.14,111.13,111.11,111.09,111.01,110.93,223,670,200,270,200,500,700,700,200,200,112.78,112.79,112.8,112.95,113,113.08,113.12,113.13,113.19,113.25,664,241,194,926,781,205,400,200,1800,200,1,3,1,1,1,2,3,3,1,1,2,1,1,1,3,1,1,1,1,1,3,"2023.03.23T01:36:59.927",134.76,89.84
"688293.SH","2023.03.23","09:37:05.000",101,112.3,4617,520807,111.51,112.3,0,113.68,110.68,0,12987,19443,109.992,115.562,111.44,111.18,111.16,111.15,111.14,111.13,111.11,111.09,111.01,110.93,223,670,200,270,200,500,700,700,200,200,112.78,112.79,112.8,112.95,113,113.08,113.12,113.13,113.19,113.25,664,241,194,926,781,205,400,200,1800,200,1,3,1,1,1,2,3,3,1,1,2,1,1,1,3,1,1,1,1,1,3,"2023.03.23T01:37:05.858",134.76,89.84
"688293.SH","2023.03.23","09:37:11.000",101,112.3,4617,520807,111.51,112.3,0,113.68,110.68,0,12987,19643,109.992,115.545,111.44,111.18,111.16,111.15,111.14,111.13,111.11,111.09,111.01,110.93,223,670,200,270,200,500,700,700,200,200,112.78,112.79,112.8,112.95,113,113.08,113.12,113.13,113.19,113.25,664,241,194,926,781,205,400,200,1800,200,1,3,1,1,1,2,3,3,1,1,2,1,1,1,3,1,1,1,1,1,3,"2023.03.23T01:37:11.857",134.76,89.84
"688293.SH","2023.03.23","09:37:14.000",101,112.3,4617,520807,111.51,112.3,0,113.68,110.68,0,12787,22643,109.987,115.738,111.44,111.18,111.16,111.15,111.14,111.13,111.11,111.09,111.01,110.93,223,670,200,270,200,500,700,700,200,200,112.78,112.79,112.8,112.95,113,113.08,113.12,113.13,113.19,113.25,664,241,194,926,781,205,400,200,1800,200,1,3,1,1,1,2,3,3,1,1,2,1,1,1,3,1,1,1,1,1,3,"2023.03.23T01:37:14.892",134.76,89.84
"688293.SH","2023.03.23","09:37:17.000",101,112.3,4617,520807,111.51,112.3,0,113.68,110.68,0,12787,22449,109.987,115.764,111.44,111.18,111.16,111.15,111.14,111.13,111.11,111.09,111.01,110.93,223,670,200,270,200,500,700,700,200,200,112.78,112.79,112.95,113,113.08,113.12,113.13,113.19,113.25,113.29,664,241,926,781,205,400,200,1800,200,573,1,3,1,1,1,2,3,3,1,1,2,1,1,3,1,1,1,1,1,2,3,"2023.03.23T01:37:17.909",134.76,89.84
"688293.SH","2023.03.23","09:37:23.000",101,112.3,4617,520807,111.51,112.3,0,113.68,110.68,0,12787,22449,109.987,115.764,111.44,111.18,111.16,111.15,111.14,111.13,111.11,111.09,111.01,110.93,223,670,200,270,200,500,700,700,200,200,112.78,112.79,112.95,113,113.08,113.12,113.13,113.19,113.25,113.29,664,241,926,781,205,400,200,1800,200,573,1,3,1,1,1,2,3,3,1,1,2,1,1,3,1,1,1,1,1,2,3,"2023.03.23T01:37:23.873",134.76,89.84
"688293.SH","2023.03.23","09:37:29.000",101,112.3,4617,520807,111.51,112.3,0,113.68,110.68,0,12787,22649,109.987,115.757,111.44,111.18,111.16,111.15,111.14,111.13,111.11,111.09,111.01,110.93,223,670,200,270,200,500,700,700,200,200,112.78,112.79,112.95,113,113.08,113.12,113.13,113.19,113.25,113.29,664,241,926,781,205,400,200,1800,200,573,1,3,1,1,1,2,3,3,1,1,2,1,1,3,1,1,1,1,1,2,3,"2023.03.23T01:37:29.858",134.76,89.84
"688293.SH","2023.03.23","09:37:32.000",101,112.3,4617,520807,111.51,112.3,0,113.68,110.68,0,12987,22602,109.984,115.761,111.44,111.18,111.16,111.15,111.14,111.13,111.11,111.09,111.01,110.93,223,670,200,270,200,500,700,700,200,200,112.5,112.78,112.95,113,113.08,113.12,113.13,113.19,113.25,113.29,194,664,926,781,205,400,200,1800,200,573,1,3,1,1,1,2,3,3,1,1,1,2,1,3,1,1,1,1,1,2,3,"2023.03.23T01:37:32.871",134.76,89.84
"688293.SH","2023.03.23","09:37:44.000",101,112.3,4617,520807,111.51,112.3,0,113.68,110.68,0,13528,21938,109.858,115.851,111.45,111.44,111.18,111.16,111.15,111.14,111.13,111.11,111.09,111.01,241,223,670,200,270,200,500,700,700,200,112.5,112.95,113,113.08,113.12,113.13,113.19,113.25,113.29,113.41,194,926,781,205,400,200,1800,200,573,200,1,1,3,1,1,1,2,3,3,1,1,1,3,1,1,1,1,1,2,1,3,"2023.03.23T01:37:44.850",134.76,89.84
"688293.SH","2023.03.23","09:37:47.000",101,112.3,4617,520807,111.51,112.3,0,113.68,110.68,0,14030,21938,109.915,115.851,111.46,111.45,111.44,111.18,111.16,111.15,111.14,111.13,111.11,111.09,502,241,223,670,200,270,200,500,700,700,112.5,112.95,113,113.08,113.12,113.13,113.19,113.25,113.29,113.41,194,926,781,205,400,200,1800,200,573,200,2,1,1,3,1,1,1,2,3,3,1,1,3,1,1,1,1,1,2,1,3,"2023.03.23T01:37:47.852",134.76,89.84
"688293.SH","2023.03.23","09:37:50.000",101,112.3,4617,520807,111.51,112.3,0,113.68,110.68,0,14030,21938,109.915,115.844,111.47,111.46,111.45,111.44,111.18,111.16,111.15,111.14,111.13,111.11,200,302,241,223,670,200,270,200,500,700,112.5,112.95,113,113.08,113.12,113.13,113.19,113.25,113.29,113.41,389,926,781,205,400,200,1800,200,378,200,1,1,1,1,3,1,1,1,2,3,2,1,3,1,1,1,1,1,1,1,3,"2023.03.23T01:37:50.851",134.76,89.84
"688293.SH","2023.03.23","09:37:53.000",101,112.3,4817,543307,112.5,112.3,0,113.68,110.68,0,14030,21738,109.916,115.874,111.48,111.46,111.45,111.44,111.18,111.16,111.15,111.14,111.13,111.11,200,302,241,223,670,200,270,200,500,700,112.5,112.95,113,113.08,113.12,113.13,113.19,113.25,113.29,113.41,189,926,781,205,400,200,1800,200,378,200,1,1,1,1,3,1,1,1,2,3,1,1,3,1,1,1,1,1,1,1,3,"2023.03.23T01:37:53.861",134.76,89.84
"688293.SH","2023.03.23","09:37:56.000",101,112.3,5006,564569,112.5,112.3,0,113.68,110.68,0,14430,21549,109.96,115.904,111.61,111.6,111.59,111.49,111.44,111.18,111.16,111.15,111.14,111.13,302,241,200,200,223,670,200,270,200,500,112.95,113,113.08,113.12,113.13,113.19,113.25,113.29,113.41,113.5,926,781,205,400,200,1800,200,378,200,1400,1,1,1,1,1,3,1,1,1,2,1,3,1,1,1,1,1,1,1,1,3,"2023.03.23T01:37:56.855",134.76,89.84
"688293.SH","2023.03.23","09:37:59.000",101,112.3,5006,564569,112.5,112.3,0,113.68,110.68,0,14030,21549,109.914,115.904,111.61,111.6,111.44,111.18,111.16,111.15,111.14,111.13,111.11,111.09,302,241,223,670,200,270,200,500,700,700,112.95,113,113.08,113.12,113.13,113.19,113.25,113.29,113.41,113.5,926,781,205,400,200,1800,200,378,200,1400,1,1,1,3,1,1,1,2,3,3,1,3,1,1,1,1,1,1,1,1,3,"2023.03.23T01:37:59.853",134.76,89.84
"688293.SH","2023.03.23","09:38:05.000",101,112.3,5006,564569,112.5,112.3,0,113.68,110.68,0,14230,23549,109.938,115.827,111.62,111.61,111.6,111.44,111.18,111.16,111.15,111.14,111.13,111.11,200,302,241,223,670,200,270,200,500,700,112.95,113,113.08,113.12,113.13,113.19,113.25,113.29,113.41,113.5,926,781,205,400,200,1800,200,378,200,1400,1,1,1,1,3,1,1,1,2,3,1,3,1,1,1,1,1,1,1,1,3,"2023.03.23T01:38:05.912",134.76,89.84
"688293.SH","2023.03.23","09:38:14.000",101,112.3,5006,564569,112.5,112.3,0,113.68,110.68,0,14230,24466,109.938,115.833,111.62,111.61,111.6,111.44,111.18,111.16,111.15,111.14,111.13,111.11,200,302,241,223,670,200,270,200,500,700,112.95,113,113.08,113.12,113.13,113.19,113.25,113.29,113.41,113.5,926,781,205,400,200,1800,200,378,200,1400,1,1,1,1,3,1,1,1,2,3,1,3,1,1,1,1,1,1,1,1,3,"2023.03.23T01:38:14.910",134.76,89.84
"688293.SH","2023.03.23","09:38:17.000",101,112.3,5006,564569,112.5,112.3,0,113.68,110.68,0,13989,24466,109.91,115.833,111.62,111.61,111.44,111.18,111.16,111.15,111.14,111.13,111.11,111.09,200,302,223,670,200,270,200,500,700,700,112.95,113,113.08,113.12,113.13,113.19,113.25,113.29,113.41,113.5,926,781,205,400,200,1800,200,378,200,1400,1,1,1,3,1,1,1,2,3,3,1,3,1,1,1,1,1,1,1,1,3,"2023.03.23T01:38:17.867",134.76,89.84
"688293.SH","2023.03.23","09:38:20.000",101,112.3,5006,564569,112.5,112.3,0,113.68,110.68,0,13687,25069,109.872,115.764,111.62,111.44,111.18,111.16,111.15,111.14,111.13,111.11,111.09,111.01,200,223,670,200,270,200,500,700,700,200,112.94,112.95,113,113.08,113.12,113.13,113.19,113.25,113.29,113.41,603,926,781,205,400,200,1800,200,378,200,1,1,3,1,1,1,2,3,3,1,2,1,3,1,1,1,1,1,1,1,3,"2023.03.23T01:38:20.852",134.76,89.84
"688293.SH","2023.03.23","09:38:23.000",101,112.3,5006,564569,112.5,112.3,0,113.68,110.68,0,13687,25371,109.872,115.73,111.62,111.44,111.18,111.16,111.15,111.14,111.13,111.11,111.09,111.01,200,223,670,200,270,200,500,700,700,200,112.93,112.94,112.95,113,113.08,113.12,113.13,113.19,113.25,113.29,302,603,926,781,205,400,200,1800,200,378,1,1,3,1,1,1,2,3,3,1,1,2,1,3,1,1,1,1,1,1,3,"2023.03.23T01:38:23.849",134.76,89.84
"688293.SH","2023.03.23","09:38:35.000",101,112.3,5006,564569,112.5,112.3,0,113.68,110.68,0,13687,24993,109.872,115.767,111.62,111.44,111.18,111.16,111.15,111.14,111.13,111.11,111.09,111.01,200,223,670,200,270,200,500,700,700,200,112.93,112.94,112.95,113,113.08,113.12,113.13,113.19,113.25,113.41,302,603,926,781,205,400,200,1800,200,200,1,1,3,1,1,1,2,3,3,1,1,2,1,3,1,1,1,1,1,1,3,"2023.03.23T01:38:35.857",134.76,89.84
"688293.SH","2023.03.23","09:38:41.000",101,112.3,5006,564569,112.5,112.3,0,113.68,110.68,0,13687,24788,109.872,115.789,111.62,111.44,111.18,111.16,111.15,111.14,111.13,111.11,111.09,111.01,200,223,670,200,270,200,500,700,700,200,112.93,112.94,112.95,113,113.12,113.13,113.19,113.25,113.41,113.5,302,603,926,781,400,200,1800,200,200,1400,1,1,3,1,1,1,2,3,3,1,1,2,1,3,1,1,1,1,1,1,3,"2023.03.23T01:38:41.852",134.76,89.84
"688293.SH","2023.03.23","09:38:53.000",101,112.3,5006,564569,112.5,112.3,0,113.68,110.68,0,13687,24788,109.872,115.789,111.62,111.44,111.18,111.16,111.15,111.14,111.13,111.11,111.09,111.01,200,223,670,200,270,200,500,700,700,200,112.93,112.94,112.95,113,113.12,113.13,113.19,113.25,113.41,113.5,302,603,926,781,400,200,1800,200,200,1400,1,1,3,1,1,1,2,3,3,1,1,2,1,3,1,1,1,1,1,1,3,"2023.03.23T01:38:53.910",134.76,89.84
"688293.SH","2023.03.23","09:38:56.000",101,112.3,5006,564569,112.5,112.3,0,113.68,110.68,0,13687,23766,109.872,115.878,111.62,111.44,111.18,111.16,111.15,111.14,111.13,111.11,111.09,111.01,200,223,670,200,270,200,500,700,700,200,112.92,112.93,112.94,112.95,113,113.12,113.13,113.19,113.25,113.41,378,302,603,926,781,400,200,1800,200,200,1,1,3,1,1,1,2,3,3,1,1,1,2,1,3,1,1,1,1,1,3,"2023.03.23T01:38:56.849",134.76,89.84
"688293.SH","2023.03.23","09:38:59.000",101,112.3,5006,564569,112.5,112.3,0,113.68,110.68,0,13487,23766,109.866,115.878,111.62,111.44,111.18,111.16,111.15,111.14,111.13,111.11,111.09,111.01,200,223,670,200,270,200,500,700,700,200,112.92,112.93,112.94,112.95,113,113.12,113.13,113.19,113.25,113.41,378,302,603,926,781,400,200,1800,200,200,1,1,3,1,1,1,2,3,3,1,1,1,2,1,3,1,1,1,1,1,3,"2023.03.23T01:38:59.871",134.76,89.84
"688293.SH","2023.03.23","09:39:08.000",101,112.3,5006,564569,112.5,112.3,0,113.68,110.68,0,13687,22861,109.884,115.995,111.62,111.44,111.18,111.16,111.15,111.14,111.13,111.12,111.11,111.09,200,223,670,200,270,200,500,200,700,700,112.92,112.95,113,113.12,113.13,113.19,113.25,113.41,113.68,113.95,378,926,781,400,200,1800,200,200,200,700,1,1,3,1,1,1,2,1,3,3,1,1,3,1,1,1,1,1,1,2,3,"2023.03.23T01:39:08.856",134.76,89.84
"688293.SH","2023.03.23","09:39:11.000",101,112.3,5006,564569,112.5,112.3,0,113.68,110.68,0,14551,24261,109.988,115.822,111.64,111.63,111.62,111.44,111.18,111.16,111.15,111.14,111.13,111.12,623,241,200,223,670,200,270,200,500,200,112.92,112.95,113,113.12,113.13,113.19,113.25,113.41,113.68,113.95,378,926,2181,400,200,1800,200,200,200,700,2,1,1,1,3,1,1,1,2,1,1,1,4,1,1,1,1,1,1,2,3,"2023.03.23T01:39:11.849",134.76,89.84
"688293.SH","2023.03.23","09:39:17.000",101,112.3,5006,564569,112.5,112.3,0,113.68,110.68,0,14351,24261,109.965,115.822,111.64,111.63,111.44,111.18,111.16,111.15,111.14,111.13,111.12,111.11,623,241,223,670,200,270,200,500,200,700,112.92,112.95,113,113.12,113.13,113.19,113.25,113.41,113.68,113.95,378,926,2181,400,200,1800,200,200,200,700,2,1,1,3,1,1,1,2,1,3,1,1,4,1,1,1,1,1,1,2,3,"2023.03.23T01:39:17.880",134.76,89.84
"688293.SH","2023.03.23","09:39:23.000",101,112.3,5006,564569,112.5,112.3,0,113.68,110.68,0,14351,24261,109.965,115.822,111.64,111.63,111.44,111.18,111.16,111.15,111.14,111.13,111.12,111.11,623,241,223,670,200,270,200,500,200,700,112.92,112.95,113,113.12,113.13,113.19,113.25,113.41,113.68,113.95,378,926,2181,400,200,1800,200,200,200,700,2,1,1,3,1,1,1,2,1,3,1,1,4,1,1,1,1,1,1,2,3,"2023.03.23T01:39:23.857",134.76,89.84
"688293.SH","2023.03.23","09:39:32.000",101,112.3,5006,564569,112.5,112.3,0,113.68,110.68,0,14028,24261,109.929,115.822,111.69,111.68,111.44,111.18,111.16,111.15,111.14,111.13,111.12,111.11,241,300,223,670,200,270,200,500,200,700,112.92,112.95,113,113.12,113.13,113.19,113.25,113.41,113.68,113.95,378,926,2181,400,200,1800,200,200,200,700,1,1,1,3,1,1,1,2,1,3,1,1,4,1,1,1,1,1,1,2,3,"2023.03.23T01:39:32.857",134.76,89.84
"688293.SH","2023.03.23","09:39:35.000",101,112.3,5006,564569,112.5,112.3,0,113.68,110.68,0,14330,24261,109.966,115.822,111.7,111.69,111.68,111.44,111.18,111.16,111.15,111.14,111.13,111.12,302,241,300,223,670,200,270,200,500,200,112.92,112.95,113,113.12,113.13,113.19,113.25,113.41,113.68,113.95,378,926,2181,400,200,1800,200,200,200,700,1,1,1,1,3,1,1,1,2,1,1,1,4,1,1,1,1,1,1,2,3,"2023.03.23T01:39:35.877",134.76,89.84
"688293.SH","2023.03.23","09:39:38.000",101,112.3,5006,564569,112.5,112.3,0,113.68,110.68,0,14602,24261,109.998,115.822,111.71,111.7,111.69,111.68,111.44,111.18,111.16,111.15,111.14,111.13,272,302,241,300,223,670,200,270,200,500,112.92,112.95,113,113.12,113.13,113.19,113.25,113.41,113.68,113.95,378,926,2181,400,200,1800,200,200,200,700,1,1,1,1,1,3,1,1,1,2,1,1,4,1,1,1,1,1,1,2,3,"2023.03.23T01:39:38.860",134.76,89.84
"688293.SH","2023.03.23","09:39:47.000",101,112.3,5006,564569,112.5,112.3,0,113.68,110.68,0,14302,24261,109.963,115.822,111.71,111.7,111.69,111.44,111.18,111.16,111.15,111.14,111.13,111.12,272,302,241,223,670,200,270,200,500,200,112.92,112.95,113,113.12,113.13,113.19,113.25,113.41,113.68,113.95,378,926,2181,400,200,1800,200,200,200,700,1,1,1,1,3,1,1,1,2,1,1,1,4,1,1,1,1,1,1,2,3,"2023.03.23T01:39:47.854",134.76,89.84
"688293.SH","2023.03.23","09:39:53.000",101,112.3,5006,564569,112.5,112.3,0,113.68,110.68,0,14302,24261,109.963,115.822,111.71,111.7,111.69,111.44,111.18,111.16,111.15,111.14,111.13,111.12,272,302,241,223,670,200,270,200,500,200,112.92,112.95,113,113.12,113.13,113.19,113.25,113.41,113.68,113.95,378,926,2181,400,200,1800,200,200,200,700,1,1,1,1,3,1,1,1,2,1,1,1,4,1,1,1,1,1,1,2,3,"2023.03.23T01:39:53.865",134.76,89.84
"688293.SH","2023.03.23","09:39:59.000",101,112.3,5006,564569,112.5,112.3,0,113.68,110.68,0,14602,24261,109.999,115.822,111.72,111.71,111.7,111.69,111.44,111.18,111.16,111.15,111.14,111.13,300,272,302,241,223,670,200,270,200,500,112.92,112.95,113,113.12,113.13,113.19,113.25,113.41,113.68,113.95,378,926,2181,400,200,1800,200,200,200,700,1,1,1,1,1,3,1,1,1,2,1,1,4,1,1,1,1,1,1,2,3,"2023.03.23T01:39:59.896",134.76,89.84
"688293.SH","2023.03.23","09:40:02.000",101,112.3,5006,564569,112.5,112.3,0,113.68,110.68,0,14602,24761,109.999,115.763,111.72,111.71,111.7,111.69,111.44,111.18,111.16,111.15,111.14,111.13,300,272,302,241,223,670,200,270,200,500,112.91,112.92,112.95,113,113.12,113.13,113.19,113.25,113.41,113.68,500,378,926,2181,400,200,1800,200,200,200,1,1,1,1,1,3,1,1,1,2,1,1,1,4,1,1,1,1,1,1,3,"2023.03.23T01:40:02.859",134.76,89.84
"688293.SH","2023.03.23","09:40:05.000",101,112.3,5978,674323,112.92,112.3,0,113.68,110.68,0,14361,24689,109.971,115.771,111.72,111.71,111.7,111.44,111.18,111.16,111.15,111.14,111.13,111.12,300,272,302,223,670,200,270,200,500,200,112.9,112.92,112.95,113,113.12,113.13,113.19,113.25,113.41,113.68,500,306,926,2181,400,200,1800,200,200,200,1,1,1,1,3,1,1,1,2,1,1,2,1,4,1,1,1,1,1,1,3,"2023.03.23T01:40:05.895",134.76,89.84
"688293.SH","2023.03.23","09:40:08.000",101,112.3,6189,697896,111.72,112.3,0,113.68,110.68,0,13576,24762,109.87,115.76,111.72,111.44,111.18,111.16,111.15,111.14,111.13,111.12,111.11,111.09,89,223,670,200,270,200,500,200,700,700,112.87,112.88,112.89,112.9,112.92,113,113.12,113.13,113.19,113.25,664,200,241,500,200,2181,400,200,1800,200,1,1,3,1,1,1,2,1,3,3,2,1,1,1,1,4,1,1,1,1,3,"2023.03.23T01:40:08.864",134.76,89.84
"688293.SH","2023.03.23","09:40:11.000",101,112.3,6189,697896,111.72,112.3,0,113.68,110.68,0,13776,24762,109.897,115.76,111.72,111.44,111.18,111.16,111.15,111.14,111.13,111.12,111.11,111.09,289,223,670,200,270,200,500,200,700,700,112.87,112.88,112.89,112.9,112.92,113,113.12,113.13,113.19,113.25,664,200,241,500,200,2181,400,200,1800,200,2,1,3,1,1,1,2,1,3,3,2,1,1,1,1,4,1,1,1,1,3,"2023.03.23T01:40:11.849",134.76,89.84
"688293.SH","2023.03.23","09:40:14.000",101,112.3,6189,697896,111.72,112.3,0,113.68,110.68,0,14458,23719,109.984,115.886,111.74,111.73,111.72,111.44,111.18,111.16,111.15,111.14,111.13,111.12,236,446,289,223,670,200,270,200,500,200,112.87,112.88,112.92,113,113.12,113.13,113.19,113.25,113.41,113.68,362,200,200,2181,400,200,1800,200,200,200,1,2,2,1,3,1,1,1,2,1,1,1,1,4,1,1,1,1,1,1,3,"2023.03.23T01:40:14.856",134.76,89.84
"688293.SH","2023.03.23","09:40:17.000",101,112.3,6189,697896,111.72,112.3,0,113.68,110.68,0,18078,23719,110.338,115.886,111.76,111.75,111.74,111.73,111.72,111.44,111.18,111.16,111.15,111.14,236,3384,236,446,289,223,670,200,270,200,112.87,112.88,112.92,113,113.12,113.13,113.19,113.25,113.41,113.68,362,200,200,2181,400,200,1800,200,200,200,1,15,1,2,2,1,3,1,1,1,1,1,1,4,1,1,1,1,1,1,3,"2023.03.23T01:40:17.856",134.76,89.84
"688293.SH","2023.03.23","09:40:20.000",101,112.3,6189,697896,111.72,112.3,0,113.68,110.68,0,19186,23357,110.43,115.933,111.92,111.91,111.9,111.89,111.88,111.87,111.77,111.76,111.75,111.74,236,302,236,241,236,200,200,236,2841,236,112.88,112.92,113,113.12,113.13,113.19,113.25,113.41,113.68,113.95,200,200,2181,400,200,1800,200,200,200,700,1,1,1,1,1,1,1,1,13,1,1,1,4,1,1,1,1,1,1,2,3,"2023.03.23T01:40:20.852",134.76,89.84
"688293.SH","2023.03.23","09:40:23.000",101,112.3,6389,720472,112.88,112.3,0,113.68,110.68,0,19262,23157,110.439,115.959,111.94,111.93,111.92,111.91,111.9,111.88,111.76,111.75,111.74,111.73,517,200,236,302,236,236,236,2841,236,446,112.92,113,113.12,113.13,113.19,113.25,113.41,113.68,113.95,113.99,200,2181,400,200,1800,200,200,200,700,200,2,1,1,1,1,1,1,13,1,2,1,4,1,1,1,1,1,1,2,1,3,"2023.03.23T01:40:23.874",134.76,89.84
"688293.SH","2023.03.23","09:40:26.000",101,112.3,6389,720472,112.88,112.3,0,113.68,110.68,0,19195,23157,110.441,115.959,112.18,112.17,111.95,111.94,111.92,111.9,111.88,111.76,111.75,111.74,276,200,200,276,236,236,236,236,2841,236,112.92,113,113.12,113.13,113.19,113.25,113.41,113.68,113.95,113.99,200,2181,400,200,1800,200,200,200,700,200,1,1,1,1,1,1,1,1,13,1,1,4,1,1,1,1,1,1,2,1,3,"2023.03.23T01:40:26.887",134.76,89.84
"688293.SH","2023.03.23","09:40:29.000",101,112.3,6389,720472,112.88,112.3,0,113.68,110.68,0,18995,23157,110.425,115.959,112.19,112.18,111.94,111.92,111.9,111.88,111.76,111.75,111.74,111.73,200,276,276,236,236,236,236,2841,236,446,112.92,113,113.12,113.13,113.19,113.25,113.41,113.68,113.95,113.99,200,2181,400,200,1800,200,200,200,700,200,1,1,1,1,1,1,1,13,1,2,1,4,1,1,1,1,1,1,2,1,3,"2023.03.23T01:40:29.920",134.76,89.84
"688293.SH","2023.03.23","09:40:35.000",101,112.3,6389,720472,112.88,112.3,0,113.68,110.68,0,18995,23157,110.425,115.959,112.2,112.18,111.94,111.92,111.9,111.88,111.76,111.75,111.74,111.73,200,276,276,236,236,236,236,2841,236,446,112.92,113,113.12,113.13,113.19,113.25,113.41,113.68,113.95,113.99,200,2181,400,200,1800,200,200,200,700,200,1,1,1,1,1,1,1,13,1,2,1,4,1,1,1,1,1,1,2,1,3,"2023.03.23T01:40:35.862",134.76,89.84
"688293.SH","2023.03.23","09:40:38.000",101,112.3,6389,720472,112.88,112.3,0,113.68,110.68,0,18795,23157,110.406,115.959,112.18,111.94,111.92,111.9,111.88,111.76,111.75,111.74,111.73,111.72,276,276,236,236,236,236,2841,236,446,289,112.92,113,113.12,113.13,113.19,113.25,113.41,113.68,113.95,113.99,200,2181,400,200,1800,200,200,200,700,200,1,1,1,1,1,1,13,1,2,2,1,4,1,1,1,1,1,1,2,1,3,"2023.03.23T01:40:38.854",134.76,89.84
"688293.SH","2023.03.23","09:40:41.000",101,112.3,6389,720472,112.88,112.3,0,113.68,110.68,0,18995,23157,110.425,115.959,112.19,112.18,111.94,111.92,111.9,111.88,111.76,111.75,111.74,111.73,200,276,276,236,236,236,236,2841,236,446,112.92,113,113.12,113.13,113.19,113.25,113.41,113.68,113.95,113.99,200,2181,400,200,1800,200,200,200,700,200,1,1,1,1,1,1,1,13,1,2,1,4,1,1,1,1,1,1,2,1,3,"2023.03.23T01:40:41.859",134.76,89.84
"688293.SH","2023.03.23","09:40:44.000",101,112.3,6389,720472,112.88,112.3,0,113.68,110.68,0,16976,23157,110.25,115.959,112.2,112.18,111.94,111.92,111.9,111.88,111.76,111.75,111.74,111.72,200,276,276,236,236,236,236,1068,236,289,112.92,113,113.12,113.13,113.19,113.25,113.41,113.68,113.95,113.99,200,2181,400,200,1800,200,200,200,700,200,1,1,1,1,1,1,1,5,1,2,1,4,1,1,1,1,1,1,2,1,3,"2023.03.23T01:40:44.854",134.76,89.84
"688293.SH","2023.03.23","09:40:47.000",101,112.3,6389,720472,112.88,112.3,0,113.68,110.68,0,16108,23157,110.17,115.959,112.2,112.18,111.94,111.92,111.9,111.88,111.76,111.75,111.74,111.72,200,276,276,236,236,236,236,200,236,289,112.92,113,113.12,113.13,113.19,113.25,113.41,113.68,113.95,113.99,200,2181,400,200,1800,200,200,200,700,200,1,1,1,1,1,1,1,1,1,2,1,4,1,1,1,1,1,1,2,1,3,"2023.03.23T01:40:47.855",134.76,89.84
"688293.SH","2023.03.23","09:40:50.000",101,112.3,6389,720472,112.88,112.3,0,113.68,110.68,0,15908,22757,110.15,116.009,112.2,112.18,111.94,111.92,111.9,111.88,111.76,111.74,111.72,111.44,200,276,276,236,236,236,236,236,289,223,112.92,113,113.13,113.19,113.25,113.41,113.68,113.95,113.99,114,200,2181,200,1800,200,200,200,700,200,200,1,1,1,1,1,1,1,1,2,1,1,4,1,1,1,1,1,2,1,1,3,"2023.03.23T01:40:50.892",134.76,89.84
"688293.SH","2023.03.23","09:40:53.000",101,112.3,6389,720472,112.88,112.3,0,113.68,110.68,0,15908,22757,110.15,116.009,112.2,112.18,111.94,111.92,111.9,111.88,111.76,111.74,111.72,111.44,200,276,276,236,236,236,236,236,289,223,112.92,113,113.13,113.19,113.25,113.41,113.68,113.95,113.99,114,200,2181,200,1800,200,200,200,700,200,200,1,1,1,1,1,1,1,1,2,1,1,4,1,1,1,1,1,2,1,1,3,"2023.03.23T01:40:53.853",134.76,89.84
"688293.SH","2023.03.23","09:40:56.000",101,112.3,6389,720472,112.88,112.3,0,113.68,110.68,0,15908,22957,110.15,115.982,112.2,112.18,111.94,111.92,111.9,111.88,111.76,111.74,111.72,111.44,200,276,276,236,236,236,236,236,289,223,112.9,112.92,113,113.13,113.19,113.25,113.41,113.68,113.95,113.99,200,200,2181,200,1800,200,200,200,700,200,1,1,1,1,1,1,1,1,2,1,1,1,4,1,1,1,1,1,2,1,3,"2023.03.23T01:40:56.852",134.76,89.84
"688293.SH","2023.03.23","09:41:02.000",101,112.3,6389,720472,112.88,112.3,0,113.68,110.68,0,15632,22957,110.114,115.982,112.2,111.94,111.92,111.9,111.88,111.76,111.74,111.72,111.44,111.18,200,276,236,236,236,236,236,289,223,670,112.9,112.92,113,113.13,113.19,113.25,113.41,113.68,113.95,113.99,200,200,2181,200,1800,200,200,200,700,200,1,1,1,1,1,1,1,2,1,3,1,1,4,1,1,1,1,1,2,1,3,"2023.03.23T01:41:02.854",134.76,89.84
"688293.SH","2023.03.23","09:41:05.000",101,112.3,6389,720472,112.88,112.3,0,113.68,110.68,0,18632,22957,109.793,115.982,112.2,111.94,111.92,111.9,111.88,111.76,111.74,111.72,111.44,111.18,200,276,236,236,236,236,236,289,223,670,112.9,112.92,113,113.13,113.19,113.25,113.41,113.68,113.95,113.99,200,200,2181,200,1800,200,200,200,700,200,1,1,1,1,1,1,1,2,1,3,1,1,4,1,1,1,1,1,2,1,3,"2023.03.23T01:41:05.854",134.76,89.84
"688293.SH","2023.03.23","09:41:08.000",101,112.3,6389,720472,112.88,112.3,0,113.68,110.68,0,18632,23883,109.793,115.861,112.2,111.94,111.92,111.9,111.88,111.76,111.74,111.72,111.44,111.18,200,276,236,236,236,236,236,289,223,670,112.85,112.9,112.92,113,113.13,113.19,113.25,113.41,113.68,113.95,926,200,200,2181,200,1800,200,200,200,700,1,1,1,1,1,1,1,2,1,3,1,1,1,4,1,1,1,1,1,2,3,"2023.03.23T01:41:08.855",134.76,89.84
"688293.SH","2023.03.23","09:41:14.000",101,112.3,6389,720472,112.88,112.3,0,113.68,110.68,0,18632,23683,109.793,115.886,112.2,111.94,111.92,111.9,111.88,111.76,111.74,111.72,111.44,111.18,200,276,236,236,236,236,236,289,223,670,112.85,112.92,113,113.13,113.19,113.25,113.41,113.68,113.95,113.99,926,200,2181,200,1800,200,200,200,700,200,1,1,1,1,1,1,1,2,1,3,1,1,4,1,1,1,1,1,2,1,3,"2023.03.23T01:41:14.850",134.76,89.84
"688293.SH","2023.03.23","09:41:23.000",101,112.3,6689,754327,112.85,112.3,0,113.68,110.68,0,18632,23383,109.793,115.925,112.2,111.94,111.92,111.9,111.88,111.76,111.74,111.72,111.44,111.18,200,276,236,236,236,236,236,289,223,670,112.85,112.92,113,113.13,113.19,113.25,113.41,113.68,113.95,113.99,626,200,2181,200,1800,200,200,200,700,200,1,1,1,1,1,1,1,2,1,3,1,1,4,1,1,1,1,1,2,1,3,"2023.03.23T01:41:23.878",134.76,89.84
"688293.SH","2023.03.23","09:41:26.000",101,112.3,6689,754327,112.85,112.3,0,113.68,110.68,0,18409,23383,109.773,115.925,112.2,111.94,111.92,111.9,111.88,111.76,111.74,111.72,111.18,111.16,200,276,236,236,236,236,236,289,670,200,112.85,112.92,113,113.13,113.19,113.25,113.41,113.68,113.95,113.99,626,200,2181,200,1800,200,200,200,700,200,1,1,1,1,1,1,1,2,3,1,1,1,4,1,1,1,1,1,2,1,3,"2023.03.23T01:41:26.859",134.76,89.84
"688293.SH","2023.03.23","09:41:32.000",101,112.3,7089,799391,112.85,112.3,0,113.68,110.68,0,18509,23183,109.787,115.951,112.47,112.2,111.94,111.92,111.9,111.88,111.76,111.74,111.72,111.18,100,200,276,236,236,236,236,236,289,670,112.85,112.92,113,113.13,113.19,113.25,113.41,113.68,113.95,113.99,426,200,2181,200,1800,200,200,200,700,200,1,1,1,1,1,1,1,1,2,3,1,1,4,1,1,1,1,1,2,1,3,"2023.03.23T01:41:32.852",134.76,89.84
"688293.SH","2023.03.23","09:41:35.000",101,112.3,7089,799391,112.85,112.3,0,113.68,110.68,0,18309,23183,109.761,115.951,112.47,111.94,111.92,111.9,111.88,111.76,111.74,111.72,111.18,111.16,100,276,236,236,236,236,236,289,670,200,112.85,112.92,113,113.13,113.19,113.25,113.41,113.68,113.95,113.99,426,200,2181,200,1800,200,200,200,700,200,1,1,1,1,1,1,1,2,3,1,1,1,4,1,1,1,1,1,2,1,3,"2023.03.23T01:41:35.858",134.76,89.84
"688293.SH","2023.03.23","09:41:38.000",101,112.3,8174,921155,112.2,112.3,0,113.68,110.68,0,19209,22983,109.874,115.977,112.2,111.94,111.92,111.9,111.88,111.76,111.74,111.72,111.18,111.16,1000,276,236,236,236,236,236,289,670,200,112.85,113,113.13,113.19,113.25,113.41,113.68,113.95,113.99,114,426,2181,200,1800,200,200,200,700,200,200,2,1,1,1,1,1,1,2,3,1,1,4,1,1,1,1,1,2,1,1,3,"2023.03.23T01:41:38.864",134.76,89.84
"688293.SH","2023.03.23","09:41:41.000",101,112.3,8174,921155,112.2,112.3,0,113.68,110.68,0,19320,22983,109.891,115.977,112.31,112.2,111.94,111.92,111.9,111.88,111.76,111.74,111.72,111.18,200,1000,276,236,236,236,236,236,200,670,112.85,113,113.13,113.19,113.25,113.41,113.68,113.95,113.99,114,426,2181,200,1800,200,200,200,700,200,200,1,2,1,1,1,1,1,1,1,3,1,4,1,1,1,1,1,2,1,1,3,"2023.03.23T01:41:41.850",134.76,89.84
"688293.SH","2023.03.23","09:41:47.000",101,112.3,8174,921155,112.2,112.3,0,113.68,110.68,0,19120,22983,109.867,115.977,112.31,112.2,111.94,111.92,111.9,111.88,111.76,111.74,111.72,111.18,200,800,276,236,236,236,236,236,200,670,112.85,113,113.13,113.19,113.25,113.41,113.68,113.95,113.99,114,426,2181,200,1800,200,200,200,700,200,200,1,1,1,1,1,1,1,1,1,3,1,4,1,1,1,1,1,2,1,1,3,"2023.03.23T01:41:47.877",134.76,89.84
"688293.SH","2023.03.23","09:41:53.000",101,112.3,8174,921155,112.2,112.3,0,113.68,110.68,0,19120,22983,109.867,115.977,112.31,112.2,111.94,111.92,111.9,111.88,111.76,111.74,111.72,111.18,200,800,276,236,236,236,236,236,200,670,112.85,113,113.13,113.19,113.25,113.41,113.68,113.95,113.99,114,426,2181,200,1800,200,200,200,700,200,200,1,1,1,1,1,1,1,1,1,3,1,4,1,1,1,1,1,2,1,1,3,"2023.03.23T01:41:53.878",134.76,89.84
"688293.SH","2023.03.23","09:41:56.000",101,112.3,8174,921155,112.2,112.3,0,113.68,110.68,0,19420,22983,109.905,115.977,112.34,112.31,112.2,111.94,111.92,111.9,111.88,111.76,111.74,111.72,300,200,800,276,236,236,236,236,236,200,112.85,113,113.13,113.19,113.25,113.41,113.68,113.95,113.99,114,426,2181,200,1800,200,200,200,700,200,200,1,1,1,1,1,1,1,1,1,1,1,4,1,1,1,1,1,2,1,1,3,"2023.03.23T01:41:56.853",134.76,89.84
"688293.SH","2023.03.23","09:41:59.000",101,112.3,8174,921155,112.2,112.3,0,113.68,110.68,0,19220,22983,109.88,115.977,112.34,112.2,111.94,111.92,111.9,111.88,111.76,111.74,111.72,111.18,300,800,276,236,236,236,236,236,200,670,112.85,113,113.13,113.19,113.25,113.41,113.68,113.95,113.99,114,426,2181,200,1800,200,200,200,700,200,200,1,1,1,1,1,1,1,1,1,3,1,4,1,1,1,1,1,2,1,1,3,"2023.03.23T01:41:59.861",134.76,89.84
"688293.SH","2023.03.23","09:42:20.000",101,112.3,8374,943623,112.34,112.3,0,113.68,110.68,0,19020,23483,109.854,115.942,112.34,112.2,111.94,111.92,111.9,111.88,111.76,111.74,111.72,111.18,100,800,276,236,236,236,236,236,200,670,112.82,112.85,113,113.13,113.19,113.25,113.41,113.68,113.95,113.99,200,426,2181,200,1800,200,200,200,700,200,1,1,1,1,1,1,1,1,1,3,1,1,4,1,1,1,1,1,2,1,3,"2023.03.23T01:42:20.849",134.76,89.84
