SecurityID,TradeTime,TradePrice,TradeQty,TradeAmount,BuyNo,SellNo,TradeIndex,ChannelNo,TradeBSFlag,BizIndex
600020,2021.01.04T09:25:00.630,3.39,2100,7119,85961,78316,19719,1,N,123713
600020,2021.01.04T09:25:00.630,3.39,1000,3390,129945,78316,19720,1,N,123714
600020,2021.01.04T09:25:00.630,3.39,900,3051,158039,78316,19721,1,N,123715
600020,2021.01.04T09:25:00.630,3.39,5000,16950,158039,158092,19722,1,N,123716
600020,2021.01.04T09:25:00.630,3.39,6600,22374,158039,118594,19723,1,N,123717
600020,2021.01.04T09:25:00.630,3.39,2500,8475,158039,138050,19724,1,N,123718
600020,2021.01.04T09:25:00.630,3.39,400,1356,42283,138050,19725,1,N,123719
600020,2021.01.04T09:25:00.630,3.39,100,339,42283,38902,19726,1,N,123720
600020,2021.01.04T09:25:00.630,3.39,3883,13163.3700000000008,42283,45597,19727,1,N,123721
600020,2021.01.04T09:25:00.630,3.39,12000,40680,42283,168862,19728,1,N,123722
600020,2021.01.04T09:25:00.630,3.39,14217,48195.62999999999738,42283,182536,19729,1,N,123723
600020,2021.01.04T09:25:00.630,3.39,200,678,113248,182536,19730,1,N,123724
600020,2021.01.04T09:25:00.630,3.39,200,678,130739,182536,19731,1,N,123725
600020,2021.01.04T09:25:00.630,3.39,83,281.370000000000004,162564,182536,19732,1,N,123726
600020,2021.01.04T09:25:00.630,3.39,217,735.629999999999995,162564,183396,19733,1,N,123727
600020,2021.01.04T09:25:00.630,3.39,10000,33900,168216,183396,19734,1,N,123728
600020,2021.01.04T09:25:00.630,3.39,4700,15933,175032,183396,19735,1,N,123729
600020,2021.01.04T09:25:00.630,3.39,500,1695,11744,183396,19736,1,N,123730
600020,2021.01.04T09:25:00.630,3.39,200,678,103833,183396,19737,1,N,123731
600020,2021.01.04T09:25:00.630,3.39,1000,3390,126214,183396,19738,1,N,123732
600020,2021.01.04T09:25:00.630,3.39,1283,4349.36999999999989,152367,183396,19739,1,N,123733
600020,2021.01.04T09:25:00.630,3.39,1000,3390,152367,3748,19740,1,N,123734
600020,2021.01.04T09:25:00.630,3.39,917,3108.630000000000109,152367,8849,19741,1,N,123735
600020,2021.01.04T09:30:01.090,3.39,683,2315.36999999999989,194624,8849,38399,1,B,235700
600020,2021.01.04T09:30:01.090,3.39,500,1695,194624,9836,38400,1,B,235701
600020,2021.01.04T09:30:01.090,3.39,100,339,194624,38900,38401,1,B,235702
600020,2021.01.04T09:30:01.090,3.39,100,339,194624,38901,38402,1,B,235703
600020,2021.01.04T09:30:01.090,3.39,500,1695,194624,78997,38403,1,B,235704
600020,2021.01.04T09:30:01.090,3.39,300,1017,194624,163848,38404,1,B,235705
600020,2021.01.04T09:30:01.090,3.39,817,2769.630000000000109,194624,168269,38405,1,B,235706
600020,2021.01.04T09:30:01.840,3.39,5000,16950,204533,178850,42566,1,B,248554
600020,2021.01.04T09:30:01.840,3.39,100,339,204533,189366,42567,1,B,248555
600020,2021.01.04T09:30:01.840,3.4,1000,3400,204533,20417,42568,1,B,248556
600020,2021.01.04T09:30:02.780,3.39,900,3051,218736,208905,48266,1,B,266741
600020,2021.01.04T09:30:03.730,3.39,500,1695,218736,231909,53764,1,S,283692
600020,2021.01.04T09:30:04.030,3.39,4500,15255,218736,237496,55845,1,S,290603
600020,2021.01.04T09:30:04.030,3.39,9200,31188,221100,237496,55846,1,S,290604
600020,2021.01.04T09:30:04.170,3.39,800,2712,221100,238007,56048,1,S,291238
600020,2021.01.04T09:30:04.170,3.39,5000,16950,225210,238007,56049,1,S,291239
600020,2021.01.04T09:30:04.420,3.38,365,1233.700000000000045,62541,241961,57656,1,S,296215
600020,2021.01.04T09:30:04.540,3.39,4200,14238,243003,238007,58071,1,B,297503
600020,2021.01.04T09:30:04.660,3.39,5800,19662,243003,245382,58909,1,S,300388
600020,2021.01.04T09:30:05.640,3.39,4000,13560,257112,245382,63436,1,B,314920
600020,2021.01.04T09:30:06.020,3.38,1000,3380,62541,262273,65146,1,S,321051
600020,2021.01.04T09:30:06.140,3.38,1000,3380,62541,263958,65728,1,S,323067
600020,2021.01.04T09:30:07.740,3.38,300,1014,62541,282944,72758,1,S,346429
600020,2021.01.04T09:30:07.740,3.38,100,338,62541,282945,72759,1,S,346430
600020,2021.01.04T09:30:07.740,3.38,235,794.29999999999984,62541,282947,72761,1,S,346432
600020,2021.01.04T09:30:07.740,3.38,165,557.700000000000045,66373,282947,72762,1,S,346433
600020,2021.01.04T09:30:07.740,3.38,100,338,66373,282948,72763,1,S,346434
600020,2021.01.04T09:30:07.740,3.38,600,2028,66373,283143,72814,1,S,346654
600020,2021.01.04T09:30:07.740,3.38,100,338,66373,283156,72823,1,S,346668
600020,2021.01.04T09:30:07.740,3.38,300,1014,66373,283161,72827,1,S,346673
600020,2021.01.04T09:30:07.740,3.38,1200,4056,66373,283170,72831,1,S,346682
600020,2021.01.04T09:30:07.740,3.38,535,1808.299999999999954,66373,284408,73345,1,S,348266
600020,2021.01.04T09:30:07.740,3.38,665,2247.699999999999818,66378,284408,73346,1,S,348267
600020,2021.01.04T09:30:08.280,3.38,2335,7892.300000000000181,66378,288986,75077,1,S,353990
600020,2021.01.04T09:30:08.280,3.38,6200,20956,97680,288986,75078,1,S,353991
600020,2021.01.04T09:30:08.280,3.38,2400,8112,127490,288986,75079,1,S,353992
600020,2021.01.04T09:30:08.280,3.38,7965,26921.700000000000727,143381,288986,75080,1,S,353993
600020,2021.01.04T09:30:09.350,3.38,200,676,143381,295319,77527,1,S,361885
600020,2021.01.04T09:30:09.350,3.38,200,676,143381,295320,77528,1,S,361886
600020,2021.01.04T09:30:09.350,3.38,200,676,143381,295321,77529,1,S,361887
600020,2021.01.04T09:30:09.360,3.38,800,2704,143381,295530,77606,1,S,362142
600020,2021.01.04T09:30:09.360,3.38,200,676,143381,295544,77607,1,S,362156
600020,2021.01.04T09:30:09.410,3.38,435,1470.299999999999954,143381,295762,77708,1,S,362440
600020,2021.01.04T09:30:09.410,3.38,165,557.700000000000045,182268,295762,77709,1,S,362441
600020,2021.01.04T09:30:09.460,3.38,835,2822.300000000000181,182268,296214,77871,1,S,363003
600020,2021.01.04T09:30:09.460,3.38,365,1233.700000000000045,286220,296214,77872,1,S,363004
600020,2021.01.04T09:30:09.500,3.38,1700,5746,286220,296318,77943,1,S,363168
600020,2021.01.04T09:30:09.500,3.38,300,1014,286220,296319,77944,1,S,363169
600020,2021.01.04T09:30:10.350,3.38,100,338,286220,300457,79726,1,S,368614
600020,2021.01.04T09:30:10.650,3.38,200,676,286220,301465,80167,1,S,369914
600020,2021.01.04T09:30:11.450,3.38,335,1132.299999999999954,286220,304159,81363,1,S,373472
600020,2021.01.04T09:30:13.090,3.38,600,2028,308426,304159,83533,1,B,379289
600020,2021.01.04T09:30:13.370,3.38,365,1233.700000000000045,309150,304159,83922,1,B,380335
600020,2021.01.04T09:30:15.570,3.38,35,118.299999999999997,309150,312862,86267,1,S,385975
600020,2021.01.04T09:30:15.570,3.37,2765,9318.049999999999272,66374,312862,86268,1,S,385976
600020,2021.01.04T09:30:20.760,3.38,8600,29068,313871,320930,91963,1,S,399173
600020,2021.01.04T09:30:20.760,3.37,2235,7531.949999999998908,66374,320930,91964,1,S,399174
600020,2021.01.04T09:30:20.760,3.37,5000,16850,66379,320930,91965,1,S,399175
600020,2021.01.04T09:30:20.760,3.37,10600,35722,77795,320930,91966,1,S,399176
600020,2021.01.04T09:30:20.760,3.37,6000,20220,124391,320930,91967,1,S,399177
600020,2021.01.04T09:30:20.760,3.37,900,3033,166188,320930,91968,1,S,399178
600020,2021.01.04T09:30:22.060,3.37,1200,4044,323599,320930,93953,1,B,403540
600020,2021.01.04T09:30:22.060,3.37,1300,4381,323609,320930,93957,1,B,403551
600020,2021.01.04T09:30:22.060,3.37,800,2696,323624,320930,93966,1,B,403575
600020,2021.01.04T09:30:22.100,3.37,2200,7414,323656,320930,93988,1,B,403624
600020,2021.01.04T09:30:25.000,3.37,500,1685,328310,320930,97425,1,B,411355
600020,2021.01.04T09:30:27.670,3.37,100,337,332477,320930,100401,1,B,418138
600020,2021.01.04T09:30:28.670,3.37,200,674,334088,320930,101678,1,B,420899
600020,2021.01.04T09:30:30.690,3.37,200,674,337265,320930,103703,1,B,425823
600020,2021.01.04T09:30:33.580,3.37,600,2022,342051,320930,107578,1,B,434123
600020,2021.01.04T09:30:33.910,3.37,20000,67400,342712,320930,108001,1,B,435143
600020,2021.01.04T09:30:42.900,3.37,500,1685,357436,320930,117818,1,B,459035
600020,2021.01.04T09:30:43.460,3.37,3565,12014.049999999999272,358325,320930,118318,1,B,460416
600020,2021.01.04T09:30:43.460,3.37,6435,21685.950000000000727,358325,337372,118319,1,B,460417
600020,2021.01.04T09:30:48.210,3.37,8800,29656,365695,337372,123687,1,B,472670
600020,2021.01.04T09:30:54.020,3.37,1200,4044,374901,337372,130096,1,B,487727
600020,2021.01.04T09:30:54.590,3.36,2000,6720,15163,376080,130979,1,S,489666
600020,2021.01.04T09:30:54.590,3.36,10000,33600,27535,376080,130980,1,S,489667
600020,2021.01.04T09:30:54.590,3.36,6800,22848,66375,376080,130981,1,S,489668
600020,2021.01.04T09:31:00.200,3.37,10000,33700,385339,337372,137468,1,B,504454
600020,2021.01.04T09:31:11.780,3.36,3200,10752,66375,406370,151383,1,S,537313
600020,2021.01.04T09:31:11.780,3.36,10000,33600,66380,406370,151384,1,S,537314
600020,2021.01.04T09:31:11.780,3.36,600,2016,190310,406370,151385,1,S,537315
600020,2021.01.04T09:31:14.560,3.37,2000,6740,411509,337372,154845,1,B,545315
600020,2021.01.04T09:31:15.620,3.37,965,3252.050000000000181,414050,337372,156517,1,B,549112
600020,2021.01.04T09:31:15.620,3.37,200,674,414050,392420,156518,1,B,549113
600020,2021.01.04T09:31:15.620,3.37,200,674,414050,392479,156519,1,B,549114
600020,2021.01.04T09:31:15.620,3.37,2735,9216.950000000000727,414050,397828,156520,1,B,549115
600020,2021.01.04T09:31:16.960,3.36,6400,21504,190310,416121,157971,1,S,552433
600020,2021.01.04T09:31:16.960,3.36,2900,9744,200180,416121,157972,1,S,552434
600020,2021.01.04T09:31:16.960,3.36,1000,3360,205995,416121,157973,1,S,552435
600020,2021.01.04T09:31:16.960,3.36,900,3024,207649,416121,157974,1,S,552436
600020,2021.01.04T09:31:20.360,3.37,765,2578.050000000000181,421986,397828,161757,1,B,561642
600020,2021.01.04T09:31:20.360,3.37,1000,3370,421986,404760,161758,1,B,561643
600020,2021.01.04T09:31:20.360,3.37,200,674,421986,419516,161759,1,B,561644
600020,2021.01.04T09:31:20.360,3.37,200,674,421986,419535,161760,1,B,561645
600020,2021.01.04T09:31:26.560,3.37,100,337,421986,433055,169543,1,S,579374
600020,2021.01.04T09:31:26.590,3.37,200,674,421986,433085,169564,1,S,579423
600020,2021.01.04T09:31:26.860,3.37,300,1011,421986,433427,169770,1,S,579965
600020,2021.01.04T09:31:36.550,3.39,2900,9831,450246,245382,180671,1,B,606025
600020,2021.01.04T09:31:52.810,3.38,8600,29068,476422,466255,197921,1,B,647133
600020,2021.01.04T09:32:08.280,3.37,22235,74931.949999999997089,421986,501340,214746,1,S,685899
600020,2021.01.04T09:32:08.280,3.37,1100,3707,431120,501340,214747,1,S,685900
600020,2021.01.04T09:32:08.280,3.37,8000,26960,438525,501340,214748,1,S,685901
600020,2021.01.04T09:32:08.280,3.37,2400,8088,449979,501340,214749,1,S,685902
600020,2021.01.04T09:32:08.280,3.37,1000,3370,476848,501340,214750,1,S,685903
600020,2021.01.04T09:32:08.280,3.37,3065,10329.049999999999272,484024,501340,214751,1,S,685904
600020,2021.01.04T09:32:23.960,3.37,6935,23370.950000000000727,484024,525312,230254,1,S,723157
600020,2021.01.04T09:32:23.960,3.37,7900,26623,500178,525312,230255,1,S,723158
600020,2021.01.04T09:32:27.640,3.36,4800,16128,207649,530965,233965,1,S,731981
600020,2021.01.04T09:32:33.450,3.37,900,3033,539705,525312,239369,1,B,745245
600020,2021.01.04T09:32:39.090,3.37,1400,4718,548235,525312,244585,1,B,758217
600020,2021.01.04T09:32:53.020,3.36,16000,53760,207649,569606,257815,1,S,790881
600020,2021.01.04T09:33:00.380,3.37,2865,9655.049999999999272,580826,525312,265190,1,B,808345
600020,2021.01.04T09:33:00.380,3.37,200,674,580826,549242,265191,1,B,808346
600020,2021.01.04T09:33:00.380,3.37,200,674,580826,549273,265192,1,B,808347
600020,2021.01.04T09:33:00.380,3.37,400,1348,580826,572499,265193,1,B,808348
600020,2021.01.04T09:33:05.270,3.37,100,337,580826,588879,270550,1,S,820759
600020,2021.01.04T09:33:05.310,3.37,800,2696,580826,588909,270559,1,S,820797
600020,2021.01.04T09:33:05.470,3.37,1000,3370,580826,589155,270742,1,S,821172
600020,2021.01.04T09:33:06.290,3.37,41235,138961.950000000011641,580826,590801,272071,1,S,823856
600020,2021.01.04T09:33:16.200,3.37,3000,10110,607512,590801,283586,1,B,850289
600020,2021.01.04T09:33:16.760,3.37,1100,3707,608213,590801,284023,1,B,851407
600020,2021.01.04T09:33:25.180,3.37,2000,6740,620483,590801,292003,1,B,870997
600020,2021.01.04T09:33:25.500,3.37,49365,166360.049999999988358,621066,590801,292331,1,B,871831
600020,2021.01.04T09:33:36.260,3.38,400,1352,636757,466255,301391,1,B,895336
600020,2021.01.04T09:33:39.180,3.37,5235,17641.950000000000727,621066,640750,303722,1,S,901353
600020,2021.01.04T09:33:39.180,3.37,1000,3370,629409,640750,303723,1,S,901354
600020,2021.01.04T09:33:39.180,3.37,100,337,639696,640750,303724,1,S,901355
600020,2021.01.04T09:33:39.180,3.36,13200,44352,207649,640750,303725,1,S,901356
600020,2021.01.04T09:33:39.180,3.36,6000,20160,237306,640750,303726,1,S,901357
600020,2021.01.04T09:33:39.180,3.36,1000,3360,248691,640750,303727,1,S,901358
600020,2021.01.04T09:33:39.180,3.36,3265,10970.399999999999636,249371,640750,303728,1,S,901359
600020,2021.01.04T09:33:52.670,3.37,2000,6740,657677,660019,315150,1,S,930268
600020,2021.01.04T09:33:52.670,3.36,6735,22629.599999999998544,249371,660019,315151,1,S,930269
600020,2021.01.04T09:33:52.670,3.36,1365,4586.399999999999636,263582,660019,315152,1,S,930270
600020,2021.01.04T09:33:53.840,3.36,2635,8853.600000000000363,263582,661362,315959,1,S,932295
600020,2021.01.04T09:33:53.840,3.36,400,1344,355237,661362,315960,1,S,932296
600020,2021.01.04T09:33:53.840,3.36,400,1344,357254,661362,315961,1,S,932297
600020,2021.01.04T09:33:53.840,3.36,400,1344,367913,661362,315962,1,S,932298
600020,2021.01.04T09:33:53.840,3.36,4600,15456,369273,661362,315963,1,S,932299
600020,2021.01.04T09:33:53.840,3.36,8000,26880,399585,661362,315964,1,S,932300
600020,2021.01.04T09:33:53.840,3.36,765,2570.40000000000009,416994,661362,315965,1,S,932301
600020,2021.01.04T09:33:57.990,3.36,1000,3360,416994,666995,319479,1,S,940896
600020,2021.01.04T09:34:18.460,3.37,7600,25612,694356,689948,337003,1,B,982374
600020,2021.01.04T09:34:18.460,3.37,400,1348,694356,694146,337004,1,B,982375
600020,2021.01.04T09:34:21.830,3.37,100,337,694356,698789,339632,1,S,988913
600020,2021.01.04T09:34:21.830,3.37,100,337,694356,698831,339653,1,S,988969
600020,2021.01.04T09:34:23.870,3.37,16200,54594,694356,701509,341418,1,S,993012
600020,2021.01.04T09:34:23.870,3.36,435,1461.599999999999909,416994,701509,341419,1,S,993013
600020,2021.01.04T09:34:23.870,3.36,1000,3360,421556,701509,341420,1,S,993014
600020,2021.01.04T09:34:23.870,3.36,65,218.400000000000005,435831,701509,341421,1,S,993015
600020,2021.01.04T09:34:34.590,3.36,7100,23856,435831,717728,352542,1,S,1018227
600020,2021.01.04T09:34:34.820,3.37,1100,3707,717996,712403,352735,1,B,1018639
600020,2021.01.04T09:34:37.030,3.36,2835,9525.600000000000363,435831,721015,354942,1,S,1023406
600020,2021.01.04T09:34:37.030,3.36,7400,24864,479850,721015,354943,1,S,1023407
600020,2021.01.04T09:34:37.030,3.36,9200,30912,496660,721015,354944,1,S,1023408
600020,2021.01.04T09:34:37.030,3.36,3800,12768,525311,721015,354945,1,S,1023409
600020,2021.01.04T09:34:37.030,3.36,1500,5040,542238,721015,354946,1,S,1023410
600020,2021.01.04T09:34:37.030,3.36,765,2570.40000000000009,547429,721015,354947,1,S,1023411
600020,2021.01.04T09:34:39.540,3.36,3635,12213.600000000000363,547429,724590,357353,1,S,1029124
600020,2021.01.04T09:34:39.540,3.36,1000,3360,563030,724590,357354,1,S,1029125
600020,2021.01.04T09:34:39.540,3.36,3665,12314.399999999999636,575810,724590,357355,1,S,1029126
600020,2021.01.04T09:34:41.490,3.36,6335,21285.599999999998544,575810,726996,358835,1,S,1032827
600020,2021.01.04T09:34:41.490,3.36,500,1680,579679,726996,358836,1,S,1032828
600020,2021.01.04T09:34:41.490,3.36,8165,27434.400000000001455,589047,726996,358837,1,S,1032829
600020,2021.01.04T09:34:48.450,3.36,5000,16800,589047,736642,364812,1,S,1047394
600020,2021.01.04T09:34:52.820,3.36,6835,22965.599999999998544,589047,742485,368175,1,S,1056050
600020,2021.01.04T09:34:52.820,3.36,1000,3360,605450,742485,368176,1,S,1056051
600020,2021.01.04T09:34:52.820,3.36,1500,5040,610366,742485,368177,1,S,1056052
600020,2021.01.04T09:34:52.820,3.36,2000,6720,675477,742485,368178,1,S,1056053
600020,2021.01.04T09:34:52.820,3.36,24400,81984,675961,742485,368179,1,S,1056054
600020,2021.01.04T09:34:52.820,3.36,500,1680,693554,742485,368180,1,S,1056055
600020,2021.01.04T09:35:03.700,3.36,4765,16010.399999999999636,758937,742485,378277,1,B,1080958
600020,2021.01.04T09:35:05.940,3.36,100,336,758937,762284,380483,1,S,1086236
600020,2021.01.04T09:35:05.940,3.36,1700,5712,758937,762285,380484,1,S,1086237
600020,2021.01.04T09:35:10.420,3.36,3435,11541.600000000000363,758937,769447,385934,1,S,1098156
600020,2021.01.04T09:35:16.730,3.36,2665,8954.399999999999636,778845,769447,392114,1,B,1112473
600020,2021.01.04T09:35:57.560,3.36,335,1125.599999999999909,778845,838702,429794,1,S,1204418
600020,2021.01.04T09:35:57.560,3.36,765,2570.40000000000009,802033,838702,429795,1,S,1204419
600020,2021.01.04T09:36:00.740,3.36,600,2016,802033,843140,433052,1,S,1211670
600020,2021.01.04T09:36:21.250,3.37,7800,26286,870787,712403,450319,1,B,1254013
600020,2021.01.04T09:36:21.250,3.37,2200,7414,870787,712420,450320,1,B,1254014
600020,2021.01.04T09:36:24.240,3.36,900,3024,802033,874534,452576,1,S,1259733
600020,2021.01.04T09:36:34.360,3.37,6700,22579,887899,712420,460718,1,B,1280051
600020,2021.01.04T09:36:34.360,3.37,1000,3370,887899,715640,460719,1,B,1280052
600020,2021.01.04T09:36:34.360,3.37,4500,15165,887899,773399,460720,1,B,1280053
600020,2021.01.04T09:37:02.890,3.36,1735,5829.600000000000363,802033,923810,485921,1,S,1337131
600020,2021.01.04T09:37:02.890,3.36,3000,10080,816485,923810,485922,1,S,1337132
600020,2021.01.04T09:37:02.890,3.36,1000,3360,833839,923810,485923,1,S,1337133
600020,2021.01.04T09:37:02.890,3.36,10000,33600,845496,923810,485924,1,S,1337134
600020,2021.01.04T09:37:02.890,3.36,2800,9408,854263,923810,485925,1,S,1337135
600020,2021.01.04T09:37:02.890,3.36,1400,4704,873104,923810,485926,1,S,1337136
600020,2021.01.04T09:37:02.890,3.36,5000,16800,886322,923810,485927,1,S,1337137
600020,2021.01.04T09:37:02.890,3.36,2600,8736,891402,923810,485928,1,S,1337138
600020,2021.01.04T09:37:02.890,3.36,1000,3360,896728,923810,485929,1,S,1337139
600020,2021.01.04T09:37:02.890,3.36,2200,7392,919373,923810,485930,1,S,1337140
600020,2021.01.04T09:37:05.370,3.36,1000,3360,927140,923810,488175,1,B,1342281
600020,2021.01.04T09:37:09.270,3.36,10000,33600,932388,923810,491641,1,B,1350356
600020,2021.01.04T09:37:13.030,3.36,1165,3914.40000000000009,937308,923810,494705,1,B,1357780
600020,2021.01.04T09:37:13.030,3.36,5300,17808,937308,935564,494706,1,B,1357781
600020,2021.01.04T09:37:17.470,3.36,1500,5040,937308,942815,498027,1,S,1366041
600020,2021.01.04T09:37:39.590,3.36,235,789.600000000000022,937308,969832,515964,1,S,1408056
600020,2021.01.04T09:37:39.590,3.36,2900,9744,946517,969832,515965,1,S,1408057
600020,2021.01.04T09:37:39.590,3.36,300,1008,950351,969832,515966,1,S,1408058
600020,2021.01.04T09:37:39.590,3.36,165,554.399999999999977,968420,969832,515967,1,S,1408059
600020,2021.01.04T09:37:39.650,3.36,1500,5040,968420,969985,516093,1,S,1408322
600020,2021.01.04T09:37:54.930,3.36,1335,4485.600000000000363,968420,988030,526568,1,S,1435372
600020,2021.01.04T09:37:54.930,3.36,6000,20160,981257,988030,526569,1,S,1435373
600020,2021.01.04T09:38:04.270,3.35,1500,5025,2489,999157,532923,1,S,1451896
600020,2021.01.04T09:38:04.270,3.35,500,1675,10800,999157,532924,1,S,1451897
600020,2021.01.04T09:38:08.650,3.35,1400,4690,10800,1004083,535690,1,S,1459120
600020,2021.01.04T09:38:20.530,3.36,14065,47258.400000000001455,1017808,988030,543788,1,B,1479500
600020,2021.01.04T09:38:23.110,3.36,2600,8736,1017808,1020658,545627,1,S,1483985
600020,2021.01.04T09:38:23.760,3.36,2000,6720,1017808,1021340,546041,1,S,1485024
600020,2021.01.04T09:38:39.860,3.36,1100,3696,1017808,1039793,557549,1,S,1513110
600020,2021.01.04T09:38:42.820,3.36,3000,10080,1017808,1043131,559627,1,S,1518234
600020,2021.01.04T09:38:57.030,3.36,74900,251664,1017808,1058466,569383,1,S,1541779
600020,2021.01.04T09:39:20.520,3.36,500,1680,1017808,1084197,585120,1,S,1580604
600020,2021.01.04T09:39:21.070,3.36,300,1008,1017808,1084906,585568,1,S,1581614
600020,2021.01.04T09:39:26.770,3.36,1535,5157.600000000000363,1017808,1091009,589138,1,S,1590534
600020,2021.01.04T09:39:26.770,3.36,3000,10080,1067673,1091009,589139,1,S,1590535
600020,2021.01.04T09:39:26.770,3.36,5000,16800,1073067,1091009,589140,1,S,1590536
600020,2021.01.04T09:39:26.770,3.36,4600,15456,1084634,1091009,589141,1,S,1590537
600020,2021.01.04T09:39:52.960,3.35,100,335,10800,1117778,605314,1,S,1631071
600020,2021.01.04T09:39:52.960,3.35,1000,3350,34227,1117778,605315,1,S,1631072
600020,2021.01.04T09:39:52.960,3.35,1000,3350,58264,1117778,605316,1,S,1631073
600020,2021.01.04T09:39:52.960,3.35,10000,33500,66376,1117778,605317,1,S,1631074
600020,2021.01.04T09:39:52.960,3.35,10000,33500,66381,1117778,605318,1,S,1631075
600020,2021.01.04T09:39:52.960,3.35,400,1340,100461,1117778,605319,1,S,1631076
600020,2021.01.04T09:39:52.960,3.35,200,670,105031,1117778,605320,1,S,1631077
600020,2021.01.04T09:39:52.960,3.35,2800,9380,121316,1117778,605321,1,S,1631078
600020,2021.01.04T09:39:52.960,3.35,14800,49580,121792,1117778,605322,1,S,1631079
600020,2021.01.04T09:39:52.960,3.35,5000,16750,130043,1117778,605323,1,S,1631080
600020,2021.01.04T09:39:52.960,3.35,506,1695.099999999999909,194986,1117778,605324,1,S,1631081
600020,2021.01.04T09:39:53.910,3.36,5000,16800,1118665,1091009,605796,1,B,1632341
600020,2021.01.04T09:40:03.420,3.36,400,1344,1128461,1091009,611750,1,B,1647032
600020,2021.01.04T09:40:09.220,3.36,300,1008,1134691,1091009,615651,1,B,1656394
600020,2021.01.04T09:40:11.910,3.35,494,1654.90000000000009,194986,1137514,617604,1,S,1660818
600020,2021.01.04T09:40:11.910,3.35,506,1695.099999999999909,206005,1137514,617605,1,S,1660819
600020,2021.01.04T09:40:15.140,3.36,800,2688,1141312,1091009,619948,1,B,1666371
600020,2021.01.04T09:40:23.080,3.35,1494,5004.899999999999636,206005,1149766,625574,1,S,1679507
600020,2021.01.04T09:40:23.080,3.35,20000,67000,213251,1149766,625575,1,S,1679508
600020,2021.01.04T09:40:23.080,3.35,900,3015,213272,1149766,625576,1,S,1679509
600020,2021.01.04T09:40:23.080,3.35,9306,31175.099999999998544,225564,1149766,625577,1,S,1679510
600020,2021.01.04T09:40:26.890,3.36,1300,4368,1153737,1091009,628229,1,B,1685617
600020,2021.01.04T09:40:43.660,3.36,9900,33264,1171682,1091009,640445,1,B,1713551
600020,2021.01.04T09:40:49.900,3.36,1300,4368,1178270,1091009,644784,1,B,1723804
600020,2021.01.04T09:40:49.900,3.36,20000,67200,1178276,1091009,644789,1,B,1723814
600020,2021.01.04T09:40:51.620,3.36,100,336,1180218,1091009,646066,1,B,1726729
600020,2021.01.04T09:40:52.400,3.35,694,2324.90000000000009,225564,1181064,646602,1,S,1728048
600020,2021.01.04T09:40:52.400,3.35,9800,32830,233338,1181064,646603,1,S,1728049
600020,2021.01.04T09:40:52.400,3.35,10000,33500,240766,1181064,646604,1,S,1728050
600020,2021.01.04T09:40:52.400,3.35,10000,33500,283822,1181064,646605,1,S,1728051
600020,2021.01.04T09:40:52.400,3.35,2000,6700,389285,1181064,646606,1,S,1728052
600020,2021.01.04T09:40:52.400,3.35,10100,33835,475796,1181064,646607,1,S,1728053
600020,2021.01.04T09:40:52.400,3.35,3000,10050,596300,1181064,646608,1,S,1728054
600020,2021.01.04T09:40:52.400,3.35,5000,16750,643036,1181064,646609,1,S,1728055
600020,2021.01.04T09:40:52.400,3.35,1000,3350,685657,1181064,646610,1,S,1728056
600020,2021.01.04T09:40:52.400,3.35,1000,3350,695985,1181064,646611,1,S,1728057
600020,2021.01.04T09:40:52.400,3.35,1000,3350,718553,1181064,646612,1,S,1728058
600020,2021.01.04T09:40:52.400,3.35,7000,23450,738357,1181064,646613,1,S,1728059
600020,2021.01.04T09:40:52.400,3.35,1500,5025,800358,1181064,646614,1,S,1728060
600020,2021.01.04T09:40:52.400,3.35,65006,217770.10000000000582,804522,1181064,646615,1,S,1728061
600020,2021.01.04T09:40:55.570,3.35,16100,53935,804522,1184455,648828,1,S,1733441
600020,2021.01.04T09:40:56.320,3.36,400,1344,1185080,1091009,649268,1,B,1734444
600020,2021.01.04T09:41:00.580,3.35,2400,8040,804522,1189527,651897,1,S,1741136
600020,2021.01.04T09:41:07.240,3.36,200,672,1196731,1091009,656516,1,B,1752334
600020,2021.01.04T09:41:11.740,3.35,5000,16750,804522,1201467,659245,1,S,1759362
600020,2021.01.04T09:41:16.680,3.35,11000,36850,804522,1206804,662914,1,S,1767629
600020,2021.01.04T09:41:17.370,3.35,494,1654.90000000000009,804522,1207428,663600,1,S,1768875
600020,2021.01.04T09:41:17.370,3.35,6000,20100,840733,1207428,663601,1,S,1768876
600020,2021.01.04T09:41:17.370,3.35,3506,11745.100000000000363,915131,1207428,663602,1,S,1768877
600020,2021.01.04T09:41:18.740,3.35,400,1340,915131,1209106,664559,1,S,1771284
600020,2021.01.04T09:41:23.270,3.35,4000,13400,915131,1213762,667412,1,S,1778475
600020,2021.01.04T09:41:31.540,3.35,1600,5360,915131,1222080,672646,1,S,1791186
600020,2021.01.04T09:41:33.110,3.35,4500,15075,915131,1223492,673591,1,S,1793453
600020,2021.01.04T09:41:45.380,3.35,1900,6365,915131,1236506,681825,1,S,1813400
600020,2021.01.04T09:41:48.360,3.35,8994,30129.900000000001455,915131,1239654,683981,1,S,1818361
600020,2021.01.04T09:41:48.360,3.35,606,2030.099999999999909,939992,1239654,683982,1,S,1818362
600020,2021.01.04T09:42:00.600,3.35,3400,11390,939992,1253286,693033,1,S,1839626
600020,2021.01.04T09:42:01.230,3.35,994,3329.90000000000009,939992,1253985,693402,1,S,1840654
600020,2021.01.04T09:42:01.230,3.35,1500,5025,953083,1253985,693403,1,S,1840655
600020,2021.01.04T09:42:01.230,3.35,1306,4375.100000000000363,956076,1253985,693404,1,S,1840656
600020,2021.01.04T09:42:08.500,3.36,400,1344,1261946,1091009,698890,1,B,1853089
600020,2021.01.04T09:42:09.000,3.35,500,1675,956076,1262535,699301,1,S,1854012
600020,2021.01.04T09:42:40.690,3.35,1000,3350,956076,1296381,720680,1,S,1906052
600020,2021.01.04T09:42:46.500,3.35,3000,10050,956076,1302334,724700,1,S,1915416
600020,2021.01.04T09:42:48.850,3.36,13400,45024,1304750,1091009,726089,1,B,1919024
600020,2021.01.04T09:42:50.480,3.36,30000,100800,1306255,1091009,726984,1,B,1921349
600020,2021.01.04T09:43:04.090,3.36,100,336,1319994,1091009,735010,1,B,1942063
600020,2021.01.04T09:43:14.350,3.36,5000,16800,1330163,1091009,741583,1,B,1958043
600020,2021.01.04T09:43:24.740,3.36,97265,326810.400000000023283,1340568,1091009,748427,1,B,1974251
600020,2021.01.04T09:43:24.740,3.36,100000,336000,1340568,1095362,748428,1,B,1974252
600020,2021.01.04T09:43:24.740,3.36,5300,17808,1340568,1187254,748429,1,B,1974253
600020,2021.01.04T09:43:24.740,3.36,600,2016,1340568,1253417,748430,1,B,1974254
600020,2021.01.04T09:43:46.360,3.36,3000,10080,1348347,1361072,760755,1,S,2005406
600020,2021.01.04T09:43:46.360,3.36,2500,8400,1351118,1361072,760756,1,S,2005407
600020,2021.01.04T09:43:50.380,3.36,800,2688,1351118,1364657,762827,1,S,2010793
600020,2021.01.04T09:43:54.000,3.36,900,3024,1351118,1367906,764860,1,S,2015687
600020,2021.01.04T09:43:57.620,3.37,500,1685,1371413,773399,767198,1,B,2021057
600020,2021.01.04T09:43:57.620,3.37,9000,30330,1371413,845286,767199,1,B,2021058
600020,2021.01.04T09:43:57.620,3.37,28000,94360,1371413,1152732,767200,1,B,2021059
600020,2021.01.04T09:43:57.620,3.37,7100,23927,1371413,1319324,767201,1,B,2021060
600020,2021.01.04T09:43:57.820,3.37,100,337,1371413,1371602,767307,1,S,2021331
600020,2021.01.04T09:44:12.800,3.37,2700,9099,1371413,1385631,776272,1,S,2042575
600020,2021.01.04T09:44:15.150,3.37,800,2696,1387754,1385631,777577,1,B,2045778
600020,2021.01.04T09:44:15.150,3.38,1000,3380,1387754,466255,777578,1,B,2045779
600020,2021.01.04T09:44:15.150,3.38,5500,18590,1387754,486903,777579,1,B,2045780
600020,2021.01.04T09:44:15.150,3.38,10000,33800,1387754,575420,777580,1,B,2045781
600020,2021.01.04T09:44:15.150,3.38,4000,13520,1387754,617176,777581,1,B,2045782
600020,2021.01.04T09:44:15.150,3.38,4400,14872,1387754,740605,777582,1,B,2045783
600020,2021.01.04T09:44:15.150,3.38,9200,31096,1387754,859363,777583,1,B,2045784
600020,2021.01.04T09:44:15.150,3.38,10900,36842,1387754,951222,777584,1,B,2045785
600020,2021.01.04T09:44:25.610,3.37,2500,8425,1397672,1390630,784045,1,B,2061142
600020,2021.01.04T09:44:27.470,3.37,6400,21568,1399404,1390630,785155,1,B,2063800
600020,2021.01.04T09:44:43.890,3.38,3600,12168,1414018,951222,794374,1,B,2086043
600020,2021.01.04T09:44:51.030,3.38,400,1352,1420595,951222,798562,1,B,2096045
600020,2021.01.04T09:45:16.690,3.38,400,1352,1446243,951222,815531,1,B,2135316
600020,2021.01.04T09:45:40.140,3.38,2000,6760,1471169,951222,833046,1,B,2174591
600020,2021.01.04T09:45:47.650,3.37,200,674,1399404,1479003,837965,1,S,2186334
600020,2021.01.04T09:45:54.320,3.38,2900,9802,1485911,951222,842654,1,B,2197059
600020,2021.01.04T09:45:54.510,3.37,30800,103796,1399404,1486127,842837,1,S,2197401
600020,2021.01.04T09:46:04.770,3.38,1000,3380,1496521,951222,849320,1,B,2212990
600020,2021.01.04T09:46:08.840,3.37,100,337,1399404,1500408,852269,1,S,2219289
600020,2021.01.04T09:46:21.070,3.37,1600,5392,1399404,1512667,859997,1,S,2237806
600020,2021.01.04T09:46:21.890,3.38,10000,33800,1513451,951222,860453,1,B,2239009
600020,2021.01.04T09:46:33.210,3.37,8900,29993,1399404,1524176,867304,1,S,2254955
600020,2021.01.04T09:46:47.590,3.37,3300,11121,1399404,1537622,877091,1,S,2276196
600020,2021.01.04T09:46:57.620,3.37,1000,3370,1399404,1546609,882806,1,S,2289832
600020,2021.01.04T09:47:03.500,3.37,400,1348,1399404,1551636,885944,1,S,2297450
600020,2021.01.04T09:47:34.150,3.38,1500,5070,1577913,951222,901647,1,B,2336554
600020,2021.01.04T09:47:38.940,3.37,300,1011,1399404,1582072,904390,1,S,2342717
600020,2021.01.04T09:47:50.550,3.38,100,338,1591577,951222,910100,1,B,2357214
600020,2021.01.04T09:48:17.020,3.37,3700,12469,1399404,1613437,923573,1,S,2390761
600020,2021.01.04T09:48:17.020,3.37,1000,3370,1412549,1613437,923574,1,S,2390762
600020,2021.01.04T09:48:17.020,3.37,10300,34711,1433081,1613437,923575,1,S,2390763
600020,2021.01.04T09:48:31.690,3.37,100,337,1433081,1625797,931113,1,S,2409541
600020,2021.01.04T09:49:03.540,3.38,2800,9464,1651226,951222,947640,1,B,2448806
600020,2021.01.04T09:49:17.590,3.37,200,674,1433081,1662290,955524,1,S,2466641
600020,2021.01.04T09:49:21.490,3.37,200,674,1433081,1665304,957472,1,S,2471166
600020,2021.01.04T09:49:23.180,3.38,3000,10140,1666587,951222,958239,1,B,2473083
600020,2021.01.04T09:49:45.100,3.37,1000,3370,1433081,1683408,968735,1,S,2498460
600020,2021.01.04T09:49:53.040,3.37,6100,20557,1433081,1689263,972625,1,S,2507527
600020,2021.01.04T09:50:16.240,3.37,5200,17524,1433081,1707706,983756,1,S,2535073
600020,2021.01.04T09:50:26.540,3.37,2900,9773,1433081,1717307,990209,1,S,2549499
600020,2021.01.04T09:50:26.540,3.37,100,337,1455772,1717307,990210,1,S,2549500
600020,2021.01.04T09:50:30.540,3.37,500,1685,1455772,1720921,992634,1,S,2555141
600020,2021.01.04T09:50:37.650,3.37,400,1348,1455772,1727005,996510,1,S,2564403
600020,2021.01.04T09:50:37.650,3.37,700,2359,1523278,1727005,996511,1,S,2564404
600020,2021.01.04T09:50:38.300,3.37,2000,6740,1523278,1727431,996778,1,S,2565067
600020,2021.01.04T09:50:49.450,3.37,3000,10110,1523278,1736701,1002802,1,S,2579434
600020,2021.01.04T09:50:50.900,3.38,11400,38532,1737678,951222,1003354,1,B,2580908
600020,2021.01.04T09:50:50.900,3.38,2000,6760,1737678,1010909,1003355,1,B,2580909
600020,2021.01.04T09:50:52.430,3.37,1500,5055,1523278,1739364,1004446,1,S,2583495
600020,2021.01.04T09:51:18.400,3.37,1300,4381,1523278,1761260,1018593,1,S,2617877
600020,2021.01.04T09:51:35.880,3.37,16500,55605,1523278,1774973,1026562,1,S,2638521
600020,2021.01.04T09:51:35.880,3.37,5000,16850,1527529,1774973,1026563,1,S,2638522
600020,2021.01.04T09:51:52.060,3.37,16000,53920,1527529,1787295,1034032,1,S,2657044
600020,2021.01.04T09:51:52.060,3.37,4000,13480,1575602,1787295,1034033,1,S,2657045
600020,2021.01.04T09:51:54.980,3.37,800,2696,1575602,1789719,1035625,1,S,2660740
600020,2021.01.04T09:51:54.980,3.37,200,674,1575602,1789736,1035636,1,S,2660769
600020,2021.01.04T09:51:54.980,3.37,200,674,1575602,1789737,1035637,1,S,2660770
600020,2021.01.04T09:51:54.980,3.37,100,337,1575602,1789738,1035638,1,S,2660771
600020,2021.01.04T09:51:55.020,3.37,300,1011,1575602,1789784,1035652,1,S,2660834
600020,2021.01.04T09:51:55.020,3.37,100,337,1575602,1789785,1035653,1,S,2660835
600020,2021.01.04T09:51:55.020,3.37,2300,7751,1575602,1789788,1035654,1,S,2660838
600020,2021.01.04T09:51:55.020,3.37,400,1348,1575602,1789789,1035655,1,S,2660839
600020,2021.01.04T09:51:55.090,3.37,1200,4044,1575602,1789827,1035678,1,S,2660909
600020,2021.01.04T09:51:55.090,3.37,1500,5055,1575602,1789828,1035679,1,S,2660910
600020,2021.01.04T09:51:56.290,3.37,200,674,1575602,1790624,1036021,1,S,2662007
600020,2021.01.04T09:51:56.790,3.37,1400,4718,1575602,1790951,1036238,1,S,2662525
600020,2021.01.04T09:52:08.270,3.37,3000,10110,1575602,1799699,1041640,1,S,2676004
600020,2021.01.04T09:52:14.880,3.37,23700,79869,1575602,1804786,1044764,1,S,2683753
600020,2021.01.04T09:52:14.880,3.37,1200,4044,1597343,1804786,1044765,1,S,2683754
600020,2021.01.04T09:52:14.880,3.37,5100,17187,1622825,1804786,1044766,1,S,2683755
600020,2021.01.04T09:52:18.430,3.37,2800,9436,1622825,1808044,1046819,1,S,2688602
600020,2021.01.04T09:52:19.940,3.37,100,337,1622825,1809367,1047608,1,S,2690563
600020,2021.01.04T09:52:19.970,3.37,400,1348,1622825,1809376,1047612,1,S,2690574
600020,2021.01.04T09:52:20.100,3.37,300,1011,1622825,1809433,1047636,1,S,2690653
600020,2021.01.04T09:52:20.100,3.37,200,674,1622825,1809434,1047637,1,S,2690654
600020,2021.01.04T09:52:20.850,3.37,1200,4044,1622825,1810096,1048080,1,S,2691681
600020,2021.01.04T09:52:21.040,3.37,200,674,1624110,1810447,1048325,1,S,2692172
600020,2021.01.04T09:52:23.820,3.38,8000,27040,1812705,1010909,1049720,1,B,2695583
600020,2021.01.04T09:52:23.820,3.38,7000,23660,1812705,1048442,1049721,1,B,2695584
600020,2021.01.04T09:52:27.060,3.38,5000,16900,1815316,1048442,1051714,1,B,2699912
600020,2021.01.04T09:52:27.060,3.38,400,1352,1815316,1130375,1051715,1,B,2699913
600020,2021.01.04T09:52:27.060,3.38,1200,4056,1815316,1429795,1051716,1,B,2699914
600020,2021.01.04T09:52:27.060,3.38,2800,9464,1815316,1443480,1051717,1,B,2699915
600020,2021.01.04T09:52:46.090,3.38,400,1352,1829570,1443480,1060729,1,B,2722050
600020,2021.01.04T09:53:00.950,3.38,1000,3380,1840157,1443480,1067529,1,B,2738871
600020,2021.01.04T09:53:29.690,3.38,100,338,1860669,1443480,1080700,1,B,2770694
600020,2021.01.04T09:53:49.670,3.38,2700,9126,1874908,1443480,1089693,1,B,2792444
600020,2021.01.04T09:53:49.670,3.38,500,1690,1874908,1477194,1089694,1,B,2792445
600020,2021.01.04T09:53:49.670,3.38,4800,16224,1874908,1490051,1089695,1,B,2792446
600020,2021.01.04T09:53:53.070,3.37,3000,10110,1624110,1877088,1091065,1,S,2795753
600020,2021.01.04T09:54:16.230,3.37,100,337,1624110,1893904,1102214,1,S,2821791
600020,2021.01.04T09:54:17.190,3.37,1300,4381,1624110,1894528,1102738,1,S,2822910
600020,2021.01.04T09:54:34.140,3.37,100,337,1624110,1908787,1112606,1,S,2845330
600020,2021.01.04T09:55:05.440,3.37,6800,22916,1624110,1934829,1132120,1,S,2887962
600020,2021.01.04T09:55:05.440,3.37,1300,4381,1639615,1934829,1132121,1,S,2887963
600020,2021.01.04T09:55:05.440,3.37,1000,3370,1679165,1934829,1132122,1,S,2887964
600020,2021.01.04T09:55:05.440,3.37,6200,20894,1833397,1934829,1132123,1,S,2887965
600020,2021.01.04T09:55:05.440,3.37,1000,3370,1889131,1934829,1132124,1,S,2887966
600020,2021.01.04T09:55:05.440,3.37,15700,52909,1893145,1934829,1132125,1,S,2887967
600020,2021.01.04T09:55:05.440,3.37,3000,10110,1893641,1934829,1132126,1,S,2887968
600020,2021.01.04T09:55:10.880,3.38,100,338,1939238,1490051,1134938,1,B,2894791
600020,2021.01.04T09:55:32.440,3.37,25000,84250,1893641,1956787,1148465,1,S,2923728
600020,2021.01.04T09:55:43.170,3.37,3000,10110,1893641,1965872,1155079,1,S,2938402
600020,2021.01.04T09:55:43.170,3.37,1900,6403,1908768,1965872,1155080,1,S,2938403
600020,2021.01.04T09:55:43.640,3.37,13100,44147,1908768,1966357,1155449,1,S,2939160
600020,2021.01.04T09:55:57.000,3.37,100,337,1978037,1969844,1164070,1,B,2958040
600020,2021.01.04T09:55:57.000,3.37,100,337,1978037,1971350,1164071,1,B,2958041
600020,2021.01.04T09:55:57.000,3.37,5000,16850,1978037,1973283,1164072,1,B,2958042
600020,2021.01.04T09:55:57.120,3.36,500,1680,1351118,1978160,1164155,1,S,2958231
600020,2021.01.04T09:56:21.310,3.36,200,672,1351118,1997472,1176836,1,S,2988036
600020,2021.01.04T09:56:21.440,3.36,50000,168000,1351118,1997592,1176909,1,S,2988222
600020,2021.01.04T09:57:13.730,3.36,15100,50736,1351118,2038415,1202232,1,S,3050962
600020,2021.01.04T09:57:13.730,3.36,300,1008,1368917,2038415,1202233,1,S,3050963
600020,2021.01.04T09:57:13.730,3.36,3000,10080,1369495,2038415,1202234,1,S,3050964
600020,2021.01.04T09:57:13.730,3.36,1600,5376,1376290,2038415,1202235,1,S,3050965
600020,2021.01.04T09:57:50.080,3.36,1400,4704,1376290,2064703,1218350,1,S,3091220
600020,2021.01.04T09:57:50.080,3.36,1000,3360,1395732,2064703,1218351,1,S,3091221
600020,2021.01.04T09:57:50.080,3.36,300,1008,1403671,2064703,1218352,1,S,3091222
600020,2021.01.04T09:57:50.080,3.36,300,1008,1407033,2064703,1218353,1,S,3091223
600020,2021.01.04T09:58:17.390,3.37,2500,8425,2083310,1988314,1229559,1,B,3119334
600020,2021.01.04T09:58:17.390,3.37,400,1348,2083310,1990352,1229560,1,B,3119335
600020,2021.01.04T09:58:37.240,3.37,13800,46506,2096390,2009873,1237654,1,B,3139331
600020,2021.01.04T09:58:37.240,3.37,1800,6066,2096390,2027384,1237655,1,B,3139332
600020,2021.01.04T09:59:03.460,3.36,10600,35616,1407033,2113544,1248348,1,S,3165758
600020,2021.01.04T09:59:09.000,3.37,5000,16850,2117229,2027384,1250741,1,B,3171449
600020,2021.01.04T10:00:19.840,3.36,100,336,1407033,2162862,1278649,1,S,3240625
600020,2021.01.04T10:00:35.540,3.36,1000,3360,1407033,2174562,1285946,1,S,3258483
600020,2021.01.04T10:00:59.180,3.37,3000,10110,2192660,2027384,1297892,1,B,3287117
600020,2021.01.04T10:01:13.280,3.36,12500,42000,1407033,2203080,1304774,1,S,3303406
600020,2021.01.04T10:01:51.620,3.37,34500,116265,2230496,2027384,1322283,1,B,3345857
600020,2021.01.04T10:01:51.620,3.37,5400,18198,2230496,2028039,1322284,1,B,3345858
600020,2021.01.04T10:01:51.620,3.37,12100,40777,2230496,2082048,1322285,1,B,3345859
600020,2021.01.04T10:02:22.850,3.36,5500,18480,1407033,2250914,1335366,1,S,3377788
600020,2021.01.04T10:02:22.850,3.36,4500,15120,1412475,2250914,1335367,1,S,3377789
600020,2021.01.04T10:03:03.740,3.36,1700,5712,1412475,2276616,1352404,1,S,3418104
600020,2021.01.04T10:03:03.740,3.36,1100,3696,1418790,2276616,1352405,1,S,3418105
600020,2021.01.04T10:03:21.090,3.36,1300,4368,1418790,2288376,1360489,1,S,3436748
600020,2021.01.04T10:03:36.070,3.36,500,1680,1418790,2298035,1366905,1,S,3451940
600020,2021.01.04T10:03:59.820,3.37,1200,4044,2312641,2082048,1376717,1,B,3475405
600020,2021.01.04T10:04:18.740,3.37,6700,22579,2324753,2082048,1384471,1,B,3494083
600020,2021.01.04T10:04:18.740,3.37,20000,67400,2324753,2101069,1384472,1,B,3494084
600020,2021.01.04T10:04:18.740,3.37,5000,16850,2324753,2106465,1384473,1,B,3494085
600020,2021.01.04T10:04:18.740,3.37,4000,13480,2324753,2128481,1384474,1,B,3494086
600020,2021.01.04T10:04:18.740,3.37,5000,16850,2324753,2194660,1384475,1,B,3494087
600020,2021.01.04T10:04:18.740,3.37,1700,5729,2324753,2203258,1384476,1,B,3494088
600020,2021.01.04T10:04:18.740,3.37,1000,3370,2324753,2230811,1384477,1,B,3494089
600020,2021.01.04T10:04:18.740,3.37,100,337,2324753,2231116,1384478,1,B,3494090
600020,2021.01.04T10:04:18.740,3.37,1800,6066,2324753,2236275,1384479,1,B,3494091
600020,2021.01.04T10:04:18.740,3.37,500,1685,2324753,2249815,1384480,1,B,3494092
600020,2021.01.04T10:04:18.740,3.37,1800,6066,2324753,2280874,1384481,1,B,3494093
600020,2021.01.04T10:04:35.640,3.37,1200,4044,2335848,2280874,1391755,1,B,3511754
600020,2021.01.04T10:04:35.640,3.37,1800,6066,2335848,2289404,1391756,1,B,3511755
600020,2021.01.04T10:04:39.650,3.37,800,2696,2338845,2289404,1393620,1,B,3516410
600020,2021.01.04T10:05:04.050,3.37,47400,159738,2355886,2289404,1404531,1,B,3542861
600020,2021.01.04T10:05:04.050,3.37,4800,16176,2355886,2292301,1404532,1,B,3542862
600020,2021.01.04T10:05:19.300,3.37,11500,38755,2366597,2292301,1411470,1,B,3559387
600020,2021.01.04T10:05:19.330,3.37,10200,34374,2366610,2292301,1411477,1,B,3559405
600020,2021.01.04T10:05:19.370,3.37,100,337,2366635,2292301,1411495,1,B,3559441
600020,2021.01.04T10:05:19.370,3.37,600,2022,2366636,2292301,1411496,1,B,3559442
600020,2021.01.04T10:05:19.370,3.37,200,674,2366637,2292301,1411497,1,B,3559443
600020,2021.01.04T10:05:19.370,3.37,200,674,2366638,2292301,1411498,1,B,3559444
600020,2021.01.04T10:05:20.000,3.37,200,674,2367018,2292301,1411748,1,B,3560045
600020,2021.01.04T10:05:31.650,3.37,100,337,2374399,2292301,1416459,1,B,3571429
600020,2021.01.04T10:05:38.520,3.37,53900,181643,2378339,2292301,1419020,1,B,3577731
600020,2021.01.04T10:05:38.520,3.37,500,1685,2378339,2302837,1419021,1,B,3577732
600020,2021.01.04T10:05:38.520,3.37,5600,18872,2378339,2338106,1419022,1,B,3577733
600020,2021.01.04T10:06:06.620,3.36,500,1680,1418790,2397440,1431522,1,S,3607002
600020,2021.01.04T10:06:17.190,3.36,1300,4368,1418790,2404102,1435861,1,S,3617249
600020,2021.01.04T10:06:18.490,3.36,200,672,1418790,2404844,1436305,1,S,3618321
600020,2021.01.04T10:06:20.020,3.36,100,336,1418790,2405864,1436938,1,S,3619902
600020,2021.01.04T10:06:20.020,3.36,300,1008,1425118,2405864,1436939,1,S,3619903
600020,2021.01.04T10:06:27.760,3.36,1700,5712,1425118,2410636,1440054,1,S,3627394
600020,2021.01.04T10:06:27.760,3.36,500,1680,1446286,2410636,1440055,1,S,3627395
600020,2021.01.04T10:06:27.760,3.36,5000,16800,1532096,2410636,1440056,1,S,3627396
600020,2021.01.04T10:06:27.760,3.36,3000,10080,1557388,2410636,1440057,1,S,3627397
600020,2021.01.04T10:06:27.760,3.36,200,672,1610294,2410636,1440058,1,S,3627398
600020,2021.01.04T10:06:27.760,3.36,600,2016,1658424,2410636,1440059,1,S,3627399
600020,2021.01.04T10:06:30.480,3.36,400,1344,1658424,2412355,1441072,1,S,3629947
600020,2021.01.04T10:06:30.480,3.36,300,1008,1762974,2412355,1441073,1,S,3629948
600020,2021.01.04T10:06:30.480,3.36,100,336,1860690,2412355,1441074,1,S,3629949
600020,2021.01.04T10:06:31.120,3.37,1000,3370,2412827,2338106,1441282,1,B,3630611
600020,2021.01.04T10:06:39.020,3.36,1000,3360,1860690,2417450,1444655,1,S,3638350
600020,2021.01.04T10:06:47.350,3.36,800,2688,1860690,2422201,1448153,1,S,3646270
600020,2021.01.04T10:06:49.280,3.37,100,337,2423277,2338106,1448876,1,B,3647983
600020,2021.01.04T10:06:49.610,3.37,800,2696,2423484,2338106,1449032,1,B,3648343
600020,2021.01.04T10:07:12.180,3.36,200,672,1860690,2437091,1458586,1,S,3670387
600020,2021.01.04T10:07:22.090,3.36,1500,5040,1860690,2443349,1462764,1,S,3680392
600020,2021.01.04T10:07:22.090,3.36,500,1680,1995881,2443349,1462765,1,S,3680393
600020,2021.01.04T10:07:22.090,3.36,600,2016,2036454,2443349,1462766,1,S,3680394
600020,2021.01.04T10:07:27.510,3.36,1200,4032,2036454,2446756,1464875,1,S,3685498
600020,2021.01.04T10:07:27.510,3.36,6100,20496,2088537,2446756,1464876,1,S,3685499
600020,2021.01.04T10:08:22.780,3.37,1000,3370,2485274,2338106,1491516,1,B,3746616
600020,2021.01.04T10:08:33.560,3.36,100,336,2088537,2492122,1495679,1,S,3757147
600020,2021.01.04T10:09:17.000,3.36,5800,19488,2088537,2520485,1514026,1,S,3800986
600020,2021.01.04T10:09:30.790,3.37,14300,48191,2529427,2338106,1520155,1,B,3814949
600020,2021.01.04T10:09:46.170,3.37,34900,117613,2539507,2338106,1526408,1,B,3830177
600020,2021.01.04T10:09:48.520,3.36,2600,8736,2088537,2540932,1527255,1,S,3832362
600020,2021.01.04T10:09:57.940,3.37,6000,20220,2546359,2338106,1530632,1,B,3840733
600020,2021.01.04T10:10:08.560,3.36,13800,46368,2088537,2553264,1535874,1,S,3852163
600020,2021.01.04T10:10:26.190,3.36,700,2352,2088537,2565075,1543322,1,S,3870483
600020,2021.01.04T10:10:31.070,3.37,36300,122331,2568469,2338106,1545640,1,B,3875844
600020,2021.01.04T10:10:31.070,3.37,600,2022,2568469,2353454,1545641,1,B,3875845
600020,2021.01.04T10:10:31.070,3.37,1100,3707,2568469,2378268,1545642,1,B,3875846
600020,2021.01.04T10:10:37.570,3.37,1900,6403,2572783,2378268,1548863,1,B,3882882
600020,2021.01.04T10:10:37.570,3.37,500,1685,2572783,2378660,1548864,1,B,3882883
600020,2021.01.04T10:10:37.570,3.37,5100,17187,2572783,2394709,1548865,1,B,3882884
600020,2021.01.04T10:10:37.570,3.37,1500,5055,2572783,2413875,1548866,1,B,3882885
600020,2021.01.04T10:11:04.240,3.37,10000,33700,2590215,2413875,1562826,1,B,3912705
600020,2021.01.04T10:11:05.710,3.36,3500,11760,2088537,2591250,1563530,1,S,3914343
600020,2021.01.04T10:11:20.660,3.36,500,1680,2088537,2603613,1572545,1,S,3934136
600020,2021.01.04T10:11:27.130,3.36,600,2016,2088537,2608343,1576028,1,S,3941597
600020,2021.01.04T10:11:57.070,3.37,2500,8425,2628465,2413875,1589778,1,B,3973749
600020,2021.01.04T10:11:57.930,3.37,1000,3370,2629100,2413875,1590270,1,B,3974798
600020,2021.01.04T10:11:57.930,3.37,5000,16850,2629100,2416896,1590271,1,B,3974799
600020,2021.01.04T10:11:57.930,3.37,3100,10447,2629100,2419984,1590272,1,B,3974800
600020,2021.01.04T10:11:57.930,3.37,5000,16850,2629100,2466020,1590273,1,B,3974801
600020,2021.01.04T10:11:57.930,3.37,2200,7414,2629100,2491410,1590274,1,B,3974802
600020,2021.01.04T10:11:57.930,3.37,6000,20220,2629100,2530731,1590275,1,B,3974803
600020,2021.01.04T10:11:57.930,3.37,9300,31341,2629100,2543200,1590276,1,B,3974804
600020,2021.01.04T10:11:57.930,3.37,30000,101100,2629100,2582476,1590277,1,B,3974805
600020,2021.01.04T10:11:57.930,3.37,1800,6066,2629100,2587699,1590278,1,B,3974806
600020,2021.01.04T10:11:58.870,3.37,1000,3370,2629100,2629687,1590708,1,S,3975803
600020,2021.01.04T10:12:00.520,3.37,600,2022,2629100,2630660,1591220,1,S,3977237
600020,2021.01.04T10:12:17.250,3.37,1300,4381,2629100,2641230,1598382,1,S,3994018
600020,2021.01.04T10:12:19.820,3.37,2000,6740,2629100,2642850,1599340,1,S,3996577
600020,2021.01.04T10:12:44.350,3.37,5100,17187,2629100,2657679,1609818,1,S,4020941
600020,2021.01.04T10:12:50.200,3.38,10000,33800,2661251,1490051,1612162,1,B,4026433
600020,2021.01.04T10:12:56.400,3.38,5100,17238,2664842,1490051,1614485,1,B,4031975
600020,2021.01.04T10:12:56.400,3.38,1500,5070,2664842,1597521,1614486,1,B,4031976
600020,2021.01.04T10:12:56.630,3.37,3500,11795,2629100,2664944,1614547,1,S,4032119
600020,2021.01.04T10:13:00.380,3.38,500,1690,2667164,1597521,1616216,1,B,4035834
600020,2021.01.04T10:13:00.380,3.38,54600,184548,2667164,1628360,1616217,1,B,4035835
600020,2021.01.04T10:13:00.380,3.38,500,1690,2667164,1797465,1616218,1,B,4035836
600020,2021.01.04T10:13:00.380,3.38,500,1690,2667164,1806101,1616219,1,B,4035837
600020,2021.01.04T10:13:00.380,3.38,1000,3380,2667164,1845429,1616220,1,B,4035838
600020,2021.01.04T10:13:00.380,3.38,2900,9802,2667164,1949284,1616221,1,B,4035839
600020,2021.01.04T10:13:00.380,3.38,20000,67600,2667164,1970128,1616222,1,B,4035840
600020,2021.01.04T10:13:00.380,3.38,5900,19942,2667164,1977869,1616223,1,B,4035841
600020,2021.01.04T10:13:00.380,3.38,10000,33800,2667164,1994707,1616224,1,B,4035842
600020,2021.01.04T10:13:00.380,3.38,4500,15210,2667164,2194538,1616225,1,B,4035843
600020,2021.01.04T10:13:00.380,3.38,300,1014,2667164,2204136,1616226,1,B,4035844
600020,2021.01.04T10:13:00.380,3.38,1000,3380,2667164,2377769,1616227,1,B,4035845
600020,2021.01.04T10:13:00.380,3.38,7000,23660,2667164,2430281,1616228,1,B,4035846
600020,2021.01.04T10:13:00.380,3.38,4400,14872,2667164,2505746,1616229,1,B,4035847
600020,2021.01.04T10:13:00.380,3.38,10000,33800,2667164,2640261,1616230,1,B,4035848
600020,2021.01.04T10:13:00.380,3.38,1700,5746,2667164,2643291,1616231,1,B,4035849
600020,2021.01.04T10:13:00.380,3.38,1600,5408,2667164,2643619,1616232,1,B,4035850
600020,2021.01.04T10:13:00.380,3.38,1800,6084,2667164,2652028,1616233,1,B,4035851
600020,2021.01.04T10:13:00.380,3.39,59400,201366,2667164,245382,1616234,1,B,4035852
600020,2021.01.04T10:13:06.560,3.37,7300,24601,2629100,2671104,1619729,1,S,4042796
600020,2021.01.04T10:13:13.560,3.38,2500,8450,2675661,2673947,1623614,1,B,4050725
600020,2021.01.04T10:13:13.560,3.39,6800,23052,2675661,245382,1623615,1,B,4050726
600020,2021.01.04T10:13:27.390,3.39,2600,8814,2684082,245382,1629560,1,B,4064175
600020,2021.01.04T10:13:44.120,3.39,2000,6780,2694458,245382,1636958,1,B,4081014
600020,2021.01.04T10:13:44.630,3.39,300,1017,2694760,245382,1637124,1,B,4081471
600020,2021.01.04T10:13:51.430,3.39,1200,4068,2698882,245382,1639866,1,B,4088036
600020,2021.01.04T10:14:06.460,3.39,10000,33900,2708365,245382,1646268,1,B,4103083
600020,2021.01.04T10:14:12.820,3.39,5000,16950,2712629,245382,1649095,1,B,4109737
600020,2021.01.04T10:14:12.820,3.39,1000,3390,2712629,465934,1649096,1,B,4109738
600020,2021.01.04T10:14:12.820,3.39,3083,10451.3700000000008,2712629,531931,1649097,1,B,4109739
600020,2021.01.04T10:14:12.820,3.39,917,3108.630000000000109,2712629,594100,1649098,1,B,4109740
600020,2021.01.04T10:14:13.970,3.39,200,678,2713420,594100,1649513,1,B,4110887
600020,2021.01.04T10:14:19.010,3.39,8883,30113.369999999998981,2716635,594100,1651476,1,B,4115825
600020,2021.01.04T10:14:19.010,3.39,7000,23730,2716635,759161,1651477,1,B,4115826
600020,2021.01.04T10:14:19.010,3.39,4117,13956.629999999999199,2716635,801115,1651478,1,B,4115827
600020,2021.01.04T10:14:20.920,3.39,15700,53223,2717870,801115,1652284,1,B,4117717
600020,2021.01.04T10:14:21.050,3.39,183,620.370000000000004,2717952,801115,1652359,1,B,4117855
600020,2021.01.04T10:14:21.050,3.39,1700,5763,2717952,1227875,1652360,1,B,4117856
600020,2021.01.04T10:14:21.050,3.39,5000,16950,2717952,1508505,1652361,1,B,4117857
600020,2021.01.04T10:14:21.050,3.39,5000,16950,2717952,1539760,1652362,1,B,4117858
600020,2021.01.04T10:14:21.050,3.39,5000,16950,2717952,1550684,1652363,1,B,4117859
600020,2021.01.04T10:14:21.050,3.39,2000,6780,2717952,2062619,1652364,1,B,4117860
600020,2021.01.04T10:14:21.050,3.39,1700,5763,2717952,2253495,1652365,1,B,4117861
600020,2021.01.04T10:14:21.050,3.39,17,57.630000000000002,2717952,2704317,1652366,1,B,4117862
600020,2021.01.04T10:14:23.080,3.39,583,1976.36999999999989,2719329,2704317,1653172,1,B,4119906
600020,2021.01.04T10:14:23.080,3.39,1700,5763,2719329,2712666,1653173,1,B,4119907
600020,2021.01.04T10:14:23.080,3.39,30917,104808.630000000004656,2719329,2712747,1653174,1,B,4119908
600020,2021.01.04T10:14:25.290,3.39,5300,17967,2720671,2712747,1654105,1,B,4122010
600020,2021.01.04T10:14:27.450,3.39,22000,74580,2721931,2712747,1654856,1,B,4123904
600020,2021.01.04T10:14:29.130,3.39,100,339,2722976,2712747,1655503,1,B,4125563
600020,2021.01.04T10:14:31.470,3.39,29200,98988,2724498,2712747,1656377,1,B,4127866
600020,2021.01.04T10:14:32.550,3.39,12683,42995.370000000002619,2725110,2712747,1656758,1,B,4128815
600020,2021.01.04T10:14:32.550,3.39,2000,6780,2725110,2721996,1656759,1,B,4128816
600020,2021.01.04T10:14:43.880,3.39,800,2712,2725110,2731710,1660633,1,S,4138817
600020,2021.01.04T10:14:48.960,3.39,12000,40680,2725110,2734881,1662478,1,S,4143554
600020,2021.01.04T10:14:53.750,3.39,10000,33900,2725110,2737571,1664199,1,S,4147894
600020,2021.01.04T10:15:03.650,3.4,100,340,2743319,140019,1667815,1,B,4156750
600020,2021.01.04T10:15:23.830,3.39,600,2034,2725110,2755672,1675605,1,S,4175991
600020,2021.01.04T10:15:36.410,3.39,2200,7458,2725110,2762786,1679709,1,S,4186599
600020,2021.01.04T10:15:36.810,3.4,400,1360,2763048,140019,1679831,1,B,4186968
600020,2021.01.04T10:15:36.810,3.4,100,340,2763048,162334,1679832,1,B,4186969
600020,2021.01.04T10:15:38.020,3.39,200,678,2725110,2763724,1680244,1,S,4188012
600020,2021.01.04T10:15:41.490,3.4,900,3060,2765681,162334,1681467,1,B,4190986
600020,2021.01.04T10:15:41.490,3.4,1500,5100,2765681,181843,1681468,1,B,4190987
600020,2021.01.04T10:15:41.490,3.4,700,2380,2765681,212397,1681469,1,B,4190988
600020,2021.01.04T10:15:41.940,3.39,7517,25482.630000000001018,2725110,2765962,1681605,1,S,4191391
600020,2021.01.04T10:15:41.940,3.39,3483,11807.3700000000008,2732326,2765962,1681606,1,S,4191392
600020,2021.01.04T10:16:04.250,3.4,2200,7480,2778765,212397,1689535,1,B,4211284
600020,2021.01.04T10:16:09.770,3.39,200,678,2732326,2781944,1691616,1,S,4216248
600020,2021.01.04T10:16:13.900,3.4,7100,24140,2784407,212397,1693189,1,B,4220025
600020,2021.01.04T10:16:13.900,3.4,3200,10880,2784407,235090,1693190,1,B,4220026
600020,2021.01.04T10:16:22.400,3.4,46800,159120,2789601,235090,1696570,1,B,4227873
600020,2021.01.04T10:16:22.400,3.4,31700,107780,2789601,269572,1696571,1,B,4227874
600020,2021.01.04T10:16:22.400,3.4,1000,3400,2789601,416301,1696572,1,B,4227875
600020,2021.01.04T10:16:22.400,3.4,20500,69700,2789601,890751,1696573,1,B,4227876
600020,2021.01.04T10:16:26.750,3.39,200,678,2732326,2791937,1697979,1,S,4231366
600020,2021.01.04T10:16:28.440,3.4,100,340,2792964,890751,1698554,1,B,4232855
600020,2021.01.04T10:16:28.440,3.4,11900,40460,2792965,890751,1698555,1,B,4232856
600020,2021.01.04T10:16:28.440,3.4,4000,13600,2792965,1127001,1698556,1,B,4232857
600020,2021.01.04T10:16:28.440,3.4,5600,19040,2792965,1171179,1698557,1,B,4232858
600020,2021.01.04T10:16:32.880,3.4,1400,4760,2795335,1171179,1700100,1,B,4236578
600020,2021.01.04T10:16:32.880,3.4,1000,3400,2795335,1418124,1700101,1,B,4236579
600020,2021.01.04T10:16:32.880,3.4,1500,5100,2795335,1454055,1700102,1,B,4236580
600020,2021.01.04T10:16:32.880,3.4,2900,9860,2795335,1473092,1700103,1,B,4236581
600020,2021.01.04T10:16:32.880,3.4,1000,3400,2795335,1497338,1700104,1,B,4236582
600020,2021.01.04T10:16:32.880,3.4,2000,6800,2795335,1502743,1700105,1,B,4236583
600020,2021.01.04T10:16:32.880,3.4,6000,20400,2795335,1530264,1700106,1,B,4236584
600020,2021.01.04T10:16:32.880,3.4,8000,27200,2795335,1576298,1700107,1,B,4236585
600020,2021.01.04T10:16:32.880,3.4,2000,6800,2795335,1842693,1700108,1,B,4236586
600020,2021.01.04T10:16:32.880,3.4,2000,6800,2795335,1917122,1700109,1,B,4236587
600020,2021.01.04T10:16:32.880,3.4,1600,5440,2795335,2060451,1700110,1,B,4236588
600020,2021.01.04T10:16:34.200,3.4,300,1020,2796022,2060451,1700524,1,B,4237645
600020,2021.01.04T10:16:35.510,3.4,100,340,2796668,2060451,1700934,1,B,4238683
600020,2021.01.04T10:16:35.510,3.4,500,1700,2796668,2110357,1700935,1,B,4238684
600020,2021.01.04T10:16:35.510,3.4,2000,6800,2796668,2406510,1700936,1,B,4238685
600020,2021.01.04T10:16:35.510,3.4,3100,10540,2796668,2412285,1700937,1,B,4238686
600020,2021.01.04T10:16:36.840,3.4,100,340,2797462,2412285,1701384,1,B,4239918
600020,2021.01.04T10:16:36.870,3.4,400,1360,2797473,2549923,1701390,1,B,4239931
600020,2021.01.04T10:16:36.870,3.4,1200,4080,2797480,2549923,1701394,1,B,4239940
600020,2021.01.04T10:16:36.870,3.4,2000,6800,2797480,2676354,1701395,1,B,4239941
600020,2021.01.04T10:16:37.070,3.39,200,678,2732326,2797586,1701450,1,S,4240099
600020,2021.01.04T10:16:38.330,3.4,4000,13600,2798230,2676354,1701879,1,B,4241118
600020,2021.01.04T10:16:38.330,3.4,5000,17000,2798230,2692087,1701880,1,B,4241119
600020,2021.01.04T10:16:38.330,3.4,300,1020,2798230,2704533,1701881,1,B,4241120
600020,2021.01.04T10:16:38.330,3.4,700,2380,2798230,2730133,1701882,1,B,4241121
600020,2021.01.04T10:16:41.990,3.4,300,1020,2800219,2730133,1702973,1,B,4244173
600020,2021.01.04T10:16:41.990,3.4,500,1700,2800219,2733773,1702974,1,B,4244174
600020,2021.01.04T10:16:41.990,3.4,7400,25160,2800219,2747562,1702975,1,B,4244175
600020,2021.01.04T10:16:41.990,3.4,5000,17000,2800219,2755645,1702976,1,B,4244176
600020,2021.01.04T10:16:41.990,3.4,1300,4420,2800219,2758033,1702977,1,B,4244177
600020,2021.01.04T10:16:46.090,3.39,1617,5481.630000000000109,2732326,2802379,1704202,1,S,4247358
600020,2021.01.04T10:16:46.090,3.39,8383,28418.369999999998981,2734798,2802379,1704203,1,S,4247359
600020,2021.01.04T10:16:48.680,3.39,3000,10170,2734798,2803704,1705028,1,S,4249378
600020,2021.01.04T10:16:50.830,3.4,12800,43520,2804716,2758033,1705594,1,B,4250961
600020,2021.01.04T10:16:51.210,3.4,10000,34000,2804915,2758033,1705705,1,B,4251237
600020,2021.01.04T10:16:56.540,3.4,3000,10200,2807609,2758033,1707203,1,B,4255295
600020,2021.01.04T10:16:56.660,3.4,2400,8160,2807670,2758033,1707229,1,B,4255386
600020,2021.01.04T10:16:56.660,3.4,600,2040,2807670,2776437,1707230,1,B,4255387
600020,2021.01.04T10:16:56.660,3.4,1000,3400,2807670,2785343,1707231,1,B,4255388
600020,2021.01.04T10:16:56.660,3.4,1500,5100,2807670,2786200,1707232,1,B,4255389
600020,2021.01.04T10:16:56.660,3.4,3000,10200,2807670,2805796,1707233,1,B,4255390
600020,2021.01.04T10:16:56.660,3.41,159000,542190,2807670,1181,1707234,1,B,4255391
600020,2021.01.04T10:16:56.780,3.39,10000,33900,2734798,2807717,1707260,1,S,4255457
600020,2021.01.04T10:16:56.900,3.39,100,339,2734798,2807786,1707289,1,S,4255547
600020,2021.01.04T10:16:57.560,3.41,29300,99913,2808111,1181,1707469,1,B,4256017
600020,2021.01.04T10:16:57.740,3.4,200,680,2808193,2808227,1707526,1,S,4256174
600020,2021.01.04T10:16:58.780,3.4,4800,16320,2808193,2808783,1707817,1,S,4256983
600020,2021.01.04T10:16:58.780,3.4,3400,11560,2808408,2808783,1707818,1,S,4256984
600020,2021.01.04T10:17:00.660,3.4,300,1020,2808408,2809693,1708267,1,S,4258286
600020,2021.01.04T10:17:03.570,3.4,300,1020,2808408,2811440,1709486,1,S,4260908
600020,2021.01.04T10:17:03.570,3.39,500,1695,2734798,2811440,1709487,1,S,4260909
600020,2021.01.04T10:17:07.170,3.4,100,340,2812729,2813445,1710784,1,S,4264029
600020,2021.01.04T10:17:12.980,3.4,100,340,2812729,2816557,1712967,1,S,4268974
600020,2021.01.04T10:17:23.770,3.41,1900,6479,2821956,1181,1716088,1,B,4277019
600020,2021.01.04T10:17:25.640,3.41,159800,544918,2823007,1181,1716768,1,B,4278631
600020,2021.01.04T10:17:25.640,3.41,2000,6820,2823007,6175,1716769,1,B,4278632
600020,2021.01.04T10:17:25.640,3.41,300,1023,2823007,9195,1716770,1,B,4278633
600020,2021.01.04T10:17:25.640,3.41,400,1364,2823007,38727,1716771,1,B,4278634
600020,2021.01.04T10:17:25.640,3.41,2300,7843,2823007,60859,1716772,1,B,4278635
600020,2021.01.04T10:17:25.640,3.41,100,341,2823007,116357,1716773,1,B,4278636
600020,2021.01.04T10:17:25.640,3.41,2800,9548,2823007,119454,1716774,1,B,4278637
600020,2021.01.04T10:17:25.640,3.41,100,341,2823007,125228,1716775,1,B,4278638
600020,2021.01.04T10:17:25.640,3.41,5000,17050,2823007,125494,1716776,1,B,4278639
600020,2021.01.04T10:17:25.640,3.41,400,1364,2823007,134829,1716777,1,B,4278640
600020,2021.01.04T10:17:25.640,3.41,1000,3410,2823007,144391,1716778,1,B,4278641
600020,2021.01.04T10:17:25.640,3.41,3800,12958,2823007,164711,1716779,1,B,4278642
600020,2021.01.04T10:17:25.640,3.41,3000,10230,2823007,165771,1716780,1,B,4278643
600020,2021.01.04T10:17:25.640,3.41,3000,10230,2823007,165938,1716781,1,B,4278644
600020,2021.01.04T10:17:25.640,3.41,3500,11935,2823007,167355,1716782,1,B,4278645
600020,2021.01.04T10:17:25.640,3.41,50000,170500,2823007,172371,1716783,1,B,4278646
600020,2021.01.04T10:17:25.640,3.41,21700,73997,2823007,176953,1716784,1,B,4278647
600020,2021.01.04T10:17:25.640,3.41,6400,21824,2823007,190423,1716785,1,B,4278648
600020,2021.01.04T10:17:25.640,3.41,6000,20460,2823007,919013,1716786,1,B,4278649
600020,2021.01.04T10:17:25.640,3.41,600,2046,2823007,1117285,1716787,1,B,4278650
600020,2021.01.04T10:17:25.640,3.41,2200,7502,2823007,1315707,1716788,1,B,4278651
600020,2021.01.04T10:17:27.740,3.41,100,341,2824000,1315707,1717338,1,B,4280134
600020,2021.01.04T10:17:36.740,3.41,900,3069,2828491,1315707,1719970,1,B,4286986
600020,2021.01.04T10:17:38.310,3.41,3500,11935,2829311,1315707,1720462,1,B,4288236
600020,2021.01.04T10:17:40.700,3.41,700,2387,2830509,1315707,1721088,1,B,4290022
600020,2021.01.04T10:17:40.700,3.41,300,1023,2830509,1389704,1721089,1,B,4290023
600020,2021.01.04T10:17:40.700,3.41,1000,3410,2830509,1540124,1721090,1,B,4290024
600020,2021.01.04T10:17:43.600,3.41,6000,20460,2831938,1540124,1722003,1,B,4292224
600020,2021.01.04T10:17:43.600,3.41,2300,7843,2831938,1690742,1722004,1,B,4292225
600020,2021.01.04T10:17:43.600,3.41,7700,26257,2831938,2027111,1722005,1,B,4292226
600020,2021.01.04T10:17:43.600,3.41,1000,3410,2831938,2104855,1722006,1,B,4292227
600020,2021.01.04T10:17:43.600,3.41,1800,6138,2831938,2632283,1722007,1,B,4292228
600020,2021.01.04T10:17:43.600,3.41,5000,17050,2831938,2818076,1722008,1,B,4292229
600020,2021.01.04T10:17:43.600,3.41,500,1705,2831938,2818330,1722009,1,B,4292230
600020,2021.01.04T10:17:43.600,3.41,5000,17050,2831938,2829835,1722010,1,B,4292231
600020,2021.01.04T10:17:44.150,3.41,10000,34100,2831938,2832221,1722166,1,S,4292629
600020,2021.01.04T10:17:48.590,3.41,200,682,2831938,2834333,1723503,1,S,4295845
600020,2021.01.04T10:17:49.070,3.41,2500,8525,2831938,2834617,1723653,1,S,4296262
600020,2021.01.04T10:17:50.230,3.41,1000,3410,2831938,2835138,1724076,1,S,4297182
600020,2021.01.04T10:17:58.950,3.41,2500,8525,2831938,2839516,1726725,1,S,4303980
600020,2021.01.04T10:18:01.210,3.41,4500,15345,2831938,2840715,1727389,1,S,4305742
600020,2021.01.04T10:18:01.210,3.41,500,1705,2831992,2840715,1727390,1,S,4305743
600020,2021.01.04T10:18:08.180,3.42,2000,6840,2844764,6176,1729932,1,B,4311891
600020,2021.01.04T10:18:08.180,3.42,800,2736,2844764,14574,1729933,1,B,4311892
600020,2021.01.04T10:18:09.250,3.42,9200,31464,2845314,14574,1730266,1,B,4312716
600020,2021.01.04T10:18:09.250,3.42,3000,10260,2845314,30646,1730267,1,B,4312717
600020,2021.01.04T10:18:09.250,3.42,2300,7866,2845314,60861,1730268,1,B,4312718
600020,2021.01.04T10:18:09.250,3.42,500,1710,2845314,69994,1730269,1,B,4312719
600020,2021.01.04T10:18:09.250,3.42,900,3078,2845314,119578,1730270,1,B,4312720
600020,2021.01.04T10:18:09.250,3.42,13100,44802,2845314,122252,1730271,1,B,4312721
600020,2021.01.04T10:18:10.380,3.41,5500,18755,2831992,2846067,1730760,1,S,4313850
600020,2021.01.04T10:18:10.380,3.41,20000,68200,2834614,2846067,1730761,1,S,4313851
600020,2021.01.04T10:18:10.380,3.41,4100,13981,2835798,2846067,1730762,1,S,4313852
600020,2021.01.04T10:18:12.140,3.41,2000,6820,2835798,2846998,1731341,1,S,4315208
600020,2021.01.04T10:18:14.130,3.41,3800,12958,2835798,2848217,1732362,1,S,4317241
600020,2021.01.04T10:18:14.130,3.41,1200,4092,2837037,2848217,1732363,1,S,4317242
600020,2021.01.04T10:18:16.850,3.42,500,1710,2849645,122252,1733205,1,B,4319377
600020,2021.01.04T10:18:17.180,3.41,1300,4433,2837037,2849844,1733363,1,S,4319712
600020,2021.01.04T10:18:22.830,3.41,1500,5115,2837037,2852787,1735106,1,S,4324263
600020,2021.01.04T10:18:24.370,3.42,200,684,2853612,122252,1735697,1,B,4325577
600020,2021.01.04T10:18:25.660,3.41,5000,17050,2837037,2854447,1736181,1,S,4326829
600020,2021.01.04T10:18:26.690,3.41,10000,34100,2837037,2854880,1736519,1,S,4327555
600020,2021.01.04T10:18:29.460,3.42,3000,10260,2856273,122252,1737373,1,B,4329641
600020,2021.01.04T10:18:32.930,3.42,600,2052,2857947,122252,1738328,1,B,4332065
600020,2021.01.04T10:18:33.280,3.42,20000,68400,2858117,122252,1738426,1,B,4332316
600020,2021.01.04T10:18:36.200,3.42,15000,51300,2859549,122252,1739358,1,B,4334615
600020,2021.01.04T10:18:38.200,3.42,900,3078,2860507,122252,1739973,1,B,4336185
600020,2021.01.04T10:18:57.700,3.42,800,2736,2870519,122252,1746607,1,B,4352105
600020,2021.01.04T10:18:57.700,3.42,50000,171000,2870519,130656,1746608,1,B,4352106
600020,2021.01.04T10:18:57.700,3.42,1000,3420,2870519,972175,1746609,1,B,4352107
600020,2021.01.04T10:18:57.700,3.42,1000,3420,2870519,1451142,1746610,1,B,4352108
600020,2021.01.04T10:18:57.700,3.42,20000,68400,2870519,1596040,1746611,1,B,4352109
600020,2021.01.04T10:18:57.700,3.42,1000,3420,2870519,2114117,1746612,1,B,4352110
600020,2021.01.04T10:18:57.700,3.42,2000,6840,2870519,2223228,1746613,1,B,4352111
600020,2021.01.04T10:18:57.700,3.42,1000,3420,2870519,2481717,1746614,1,B,4352112
600020,2021.01.04T10:18:57.700,3.42,700,2394,2870519,2587352,1746615,1,B,4352113
600020,2021.01.04T10:18:57.700,3.42,30000,102600,2870519,2739154,1746616,1,B,4352114
600020,2021.01.04T10:18:57.700,3.42,600,2052,2870519,2840228,1746617,1,B,4352115
600020,2021.01.04T10:18:57.700,3.42,100,342,2870519,2842322,1746618,1,B,4352116
600020,2021.01.04T10:18:57.700,3.42,3500,11970,2870519,2843523,1746619,1,B,4352117
600020,2021.01.04T10:18:57.700,3.42,13000,44460,2870519,2849330,1746620,1,B,4352118
600020,2021.01.04T10:18:57.700,3.42,600,2052,2870519,2849580,1746621,1,B,4352119
600020,2021.01.04T10:18:57.700,3.42,600,2052,2870519,2857314,1746622,1,B,4352120
600020,2021.01.04T10:18:57.700,3.42,7400,25308,2870519,2859128,1746623,1,B,4352121
600020,2021.01.04T10:18:57.700,3.42,3000,10260,2870519,2860018,1746624,1,B,4352122
600020,2021.01.04T10:18:57.700,3.42,5000,17100,2870519,2867556,1746625,1,B,4352123
600020,2021.01.04T10:18:57.700,3.42,10000,34200,2870519,2868451,1746626,1,B,4352124
600020,2021.01.04T10:18:57.700,3.42,5800,19836,2870519,2869078,1746627,1,B,4352125
600020,2021.01.04T10:18:57.700,3.42,2000,6840,2870519,2869977,1746628,1,B,4352126
600020,2021.01.04T10:18:57.700,3.42,400,1368,2870519,2870034,1746629,1,B,4352127
600020,2021.01.04T10:18:57.700,3.43,1500,5145,2870519,2811,1746630,1,B,4352128
600020,2021.01.04T10:18:57.700,3.43,2000,6860,2870519,6177,1746631,1,B,4352129
600020,2021.01.04T10:18:57.700,3.43,1900,6517,2870519,12988,1746632,1,B,4352130
600020,2021.01.04T10:18:57.700,3.43,200,686,2870519,16033,1746633,1,B,4352131
600020,2021.01.04T10:18:57.700,3.43,6000,20580,2870519,30648,1746634,1,B,4352132
600020,2021.01.04T10:18:57.700,3.43,5000,17150,2870519,32012,1746635,1,B,4352133
600020,2021.01.04T10:18:57.700,3.43,500,1715,2870519,39699,1746636,1,B,4352134
600020,2021.01.04T10:18:57.700,3.43,2300,7889,2870519,60862,1746637,1,B,4352135
600020,2021.01.04T10:18:57.700,3.43,5000,17150,2870519,119214,1746638,1,B,4352136
600020,2021.01.04T10:18:57.700,3.43,1000,3430,2870519,123809,1746639,1,B,4352137
600020,2021.01.04T10:18:57.700,3.43,10000,34300,2870519,244252,1746640,1,B,4352138
600020,2021.01.04T10:18:57.700,3.43,5000,17150,2870519,281742,1746641,1,B,4352139
600020,2021.01.04T10:18:57.700,3.43,6000,20580,2870519,294089,1746642,1,B,4352140
600020,2021.01.04T10:18:57.700,3.43,1600,5488,2870519,481134,1746643,1,B,4352141
600020,2021.01.04T10:18:57.700,3.43,1200,4116,2870519,1313101,1746644,1,B,4352142
600020,2021.01.04T10:18:57.700,3.43,4000,13720,2870519,1691238,1746645,1,B,4352143
600020,2021.01.04T10:18:57.700,3.43,30400,104272,2870519,1719570,1746646,1,B,4352144
600020,2021.01.04T10:18:57.700,3.43,1000,3430,2870519,2122736,1746647,1,B,4352145
600020,2021.01.04T10:18:57.700,3.43,1500,5145,2870519,2742694,1746648,1,B,4352146
600020,2021.01.04T10:18:57.700,3.43,2000,6860,2870519,2774232,1746649,1,B,4352147
600020,2021.01.04T10:18:57.700,3.43,9000,30870,2870519,2780678,1746650,1,B,4352148
600020,2021.01.04T10:18:58.820,3.42,1000,3420,2871017,2871027,1746965,1,S,4352966
600020,2021.01.04T10:19:03.860,3.42,300,1026,2871017,2873594,1748679,1,S,4356949
600020,2021.01.04T10:19:03.860,3.42,700,2394,2871393,2873594,1748680,1,S,4356950
600020,2021.01.04T10:19:05.670,3.43,500,1715,2874509,2780678,1749226,1,B,4358345
600020,2021.01.04T10:19:14.000,3.43,500,1715,2878628,2780678,1752020,1,B,4364879
600020,2021.01.04T10:19:14.000,3.43,500,1715,2878628,2801333,1752021,1,B,4364880
600020,2021.01.04T10:19:14.000,3.43,1000,3430,2878628,2801526,1752022,1,B,4364881
600020,2021.01.04T10:19:14.000,3.43,800,2744,2878628,2803105,1752023,1,B,4364882
600020,2021.01.04T10:19:21.500,3.43,600,2058,2882699,2803105,1754450,1,B,4370980
600020,2021.01.04T10:19:21.500,3.43,2000,6860,2882699,2813690,1754451,1,B,4370981
600020,2021.01.04T10:19:21.500,3.43,6100,20923,2882699,2831391,1754452,1,B,4370982
600020,2021.01.04T10:19:21.840,3.42,5000,17100,2871393,2882903,1754586,1,S,4371303
600020,2021.01.04T10:19:24.200,3.43,1100,3773,2884020,2831391,1755248,1,B,4373039
600020,2021.01.04T10:19:25.740,3.42,500,1710,2871393,2884948,1755748,1,S,4374339
600020,2021.01.04T10:19:30.930,3.43,16200,55566,2887669,2831391,1757748,1,B,4378807
600020,2021.01.04T10:19:33.940,3.42,10000,34200,2871393,2889209,1758720,1,S,4381159
600020,2021.01.04T10:19:37.300,3.42,1600,5472,2871393,2890876,1759716,1,S,4383735
600020,2021.01.04T10:19:37.370,3.42,900,3078,2871393,2890893,1759726,1,S,4383760
600020,2021.01.04T10:19:37.370,3.42,100,342,2872725,2890893,1759727,1,S,4383761
600020,2021.01.04T10:19:37.560,3.42,800,2736,2872725,2890979,1759787,1,S,4383918
600020,2021.01.04T10:19:37.560,3.42,400,1368,2872725,2890987,1759789,1,S,4383927
600020,2021.01.04T10:19:37.560,3.42,900,3078,2872725,2890990,1759790,1,S,4383930
600020,2021.01.04T10:19:37.560,3.42,200,684,2872725,2890991,1759791,1,S,4383931
600020,2021.01.04T10:19:37.620,3.42,1800,6156,2872725,2891009,1759798,1,S,4383958
600020,2021.01.04T10:19:37.680,3.42,2000,6840,2872725,2891034,1759809,1,S,4383989
600020,2021.01.04T10:19:39.350,3.42,3800,12996,2872725,2891804,1760413,1,S,4385340
600020,2021.01.04T10:19:39.350,3.42,1200,4104,2878527,2891804,1760414,1,S,4385341
600020,2021.01.04T10:19:39.620,3.42,2800,9576,2878527,2891966,1760520,1,S,4385618
600020,2021.01.04T10:19:39.620,3.42,67200,229824,2882369,2891966,1760521,1,S,4385619
600020,2021.01.04T10:19:39.980,3.42,1800,6156,2882369,2892183,1760646,1,S,4385950
600020,2021.01.04T10:19:40.010,3.42,4000,13680,2882369,2892198,1760652,1,S,4385968
600020,2021.01.04T10:19:40.040,3.42,100,342,2882369,2892220,1760662,1,S,4385996
600020,2021.01.04T10:19:40.040,3.42,2000,6840,2882369,2892221,1760663,1,S,4385997
600020,2021.01.04T10:19:40.040,3.42,600,2052,2887896,2892221,1760664,1,S,4385998
600020,2021.01.04T10:19:40.040,3.42,8000,27360,2887896,2892222,1760665,1,S,4385999
600020,2021.01.04T10:19:42.410,3.42,51,174.419999999999987,2887896,2893288,1761153,1,S,4387566
600020,2021.01.04T10:19:42.410,3.42,200,684,2887896,2893289,1761154,1,S,4387567
600020,2021.01.04T10:19:42.440,3.42,100,342,2887896,2893312,1761160,1,S,4387595
600020,2021.01.04T10:19:42.470,3.42,300,1026,2887896,2893325,1761166,1,S,4387612
600020,2021.01.04T10:19:42.540,3.42,100,342,2887896,2893353,1761183,1,S,4387652
600020,2021.01.04T10:19:42.540,3.42,200,684,2887896,2893354,1761184,1,S,4387653
600020,2021.01.04T10:19:42.540,3.42,200,684,2887896,2893355,1761185,1,S,4387654
600020,2021.01.04T10:19:42.990,3.42,100,342,2887896,2893577,1761483,1,S,4388128
600020,2021.01.04T10:19:42.990,3.42,100,342,2887896,2893581,1761485,1,S,4388132
600020,2021.01.04T10:19:42.990,3.42,1300,4446,2887896,2893583,1761487,1,S,4388135
600020,2021.01.04T10:19:43.050,3.42,100,342,2887896,2893610,1761507,1,S,4388179
600020,2021.01.04T10:19:43.050,3.42,100,342,2887896,2893611,1761508,1,S,4388180
600020,2021.01.04T10:19:45.940,3.42,600,2052,2887896,2894924,1762196,1,S,4390101
600020,2021.01.04T10:19:45.940,3.42,100,342,2887896,2894929,1762200,1,S,4390108
600020,2021.01.04T10:19:46.100,3.42,3000,10260,2887896,2894980,1762236,1,S,4390195
600020,2021.01.04T10:19:48.970,3.42,100,342,2887896,2896335,1762953,1,S,4392251
600020,2021.01.04T10:19:52.300,3.42,1000,3420,2887896,2897820,1763920,1,S,4394637
600020,2021.01.04T10:19:52.690,3.42,3800,12996,2887896,2897987,1764021,1,S,4394891
600020,2021.01.04T10:19:53.890,3.42,200,684,2887896,2898482,1764362,1,S,4395687
600020,2021.01.04T10:19:54.610,3.42,7400,25308,2887896,2898837,1764576,1,S,4396238
600020,2021.01.04T10:19:55.940,3.42,5449,18635.580000000001746,2887896,2899511,1764864,1,S,4397204
600020,2021.01.04T10:19:55.940,3.42,4551,15564.420000000000072,2891177,2899511,1764865,1,S,4397205
600020,2021.01.04T10:19:56.290,3.42,1549,5297.579999999999927,2891177,2899644,1764946,1,S,4397401
600020,2021.01.04T10:19:59.140,3.42,3451,11802.420000000000072,2901045,2899644,1765773,1,B,4399514
600020,2021.01.04T10:19:59.140,3.42,1000,3420,2901045,2899798,1765774,1,B,4399515
600020,2021.01.04T10:19:59.140,3.42,500,1710,2901045,2900119,1765775,1,B,4399516
600020,2021.01.04T10:19:59.140,3.43,8200,28126,2901045,2831391,1765776,1,B,4399517
600020,2021.01.04T10:19:59.140,3.43,400,1372,2901045,2837351,1765777,1,B,4399518
600020,2021.01.04T10:19:59.140,3.43,15000,51450,2901045,2838046,1765778,1,B,4399519
600020,2021.01.04T10:19:59.140,3.43,7400,25382,2901045,2850569,1765779,1,B,4399520
600020,2021.01.04T10:19:59.140,3.43,10000,34300,2901045,2852363,1765780,1,B,4399521
600020,2021.01.04T10:19:59.140,3.43,1000,3430,2901045,2856085,1765781,1,B,4399522
600020,2021.01.04T10:19:59.140,3.43,1000,3430,2901045,2862968,1765782,1,B,4399523
600020,2021.01.04T10:19:59.140,3.43,2349,8057.069999999998799,2901045,2866149,1765783,1,B,4399524
600020,2021.01.04T10:20:00.890,3.42,500,1710,2901917,2901787,1766333,1,B,4400911
600020,2021.01.04T10:20:00.890,3.42,7600,25992,2901917,2901918,1766334,1,S,4400913
600020,2021.01.04T10:20:00.920,3.42,600,2052,2901917,2901930,1766337,1,S,4400934
600020,2021.01.04T10:20:06.580,3.42,200,684,2901917,2904907,1767979,1,S,4405443
600020,2021.01.04T10:20:06.940,3.42,200,684,2901917,2905140,1768136,1,S,4405801
600020,2021.01.04T10:20:08.770,3.42,5900,20178,2901917,2905972,1768606,1,S,4407047
600020,2021.01.04T10:20:08.770,3.42,18500,63270,2903762,2905972,1768607,1,S,4407048
600020,2021.01.04T10:20:08.770,3.42,2600,8892,2904309,2905972,1768608,1,S,4407049
600020,2021.01.04T10:20:08.770,3.42,2700,9234,2905280,2905972,1768609,1,S,4407050
600020,2021.01.04T10:20:09.700,3.43,7651,26242.930000000000291,2906496,2866149,1768929,1,B,4407833
600020,2021.01.04T10:20:09.700,3.43,1400,4802,2906496,2872559,1768930,1,B,4407834
600020,2021.01.04T10:20:09.700,3.43,7100,24353,2906496,2874907,1768931,1,B,4407835
600020,2021.01.04T10:20:09.700,3.43,6200,21266,2906496,2875874,1768932,1,B,4407836
600020,2021.01.04T10:20:09.700,3.43,500,1715,2906496,2876437,1768933,1,B,4407837
600020,2021.01.04T10:20:09.700,3.43,500,1715,2906496,2877247,1768934,1,B,4407838
600020,2021.01.04T10:20:09.700,3.43,600,2058,2906496,2878301,1768935,1,B,4407839
600020,2021.01.04T10:20:09.700,3.43,3800,13034,2906496,2878466,1768936,1,B,4407840
600020,2021.01.04T10:20:09.700,3.43,1000,3430,2906496,2878490,1768937,1,B,4407841
600020,2021.01.04T10:20:09.700,3.43,349,1197.069999999999936,2906496,2879625,1768938,1,B,4407842
600020,2021.01.04T10:20:09.790,3.42,100,342,2905280,2906559,1768980,1,S,4407943
600020,2021.01.04T10:20:09.880,3.42,100,342,2905280,2906589,1768995,1,S,4407990
600020,2021.01.04T10:20:24.560,3.42,100,342,2913958,2906589,1773531,1,B,4419362
600020,2021.01.04T10:20:24.560,3.42,500,1710,2913958,2906601,1773532,1,B,4419363
600020,2021.01.04T10:20:26.250,3.42,1800,6156,2914845,2906601,1774130,1,B,4420745
600020,2021.01.04T10:20:28.770,3.41,1000,3410,2837037,2916146,1774906,1,S,4422677
600020,2021.01.04T10:20:28.770,3.41,1000,3410,2842681,2916146,1774907,1,S,4422678
600020,2021.01.04T10:20:28.770,3.41,3800,12958,2849365,2916146,1774908,1,S,4422679
600020,2021.01.04T10:20:45.660,3.41,2300,7843,2849365,2925094,1780580,1,S,4436374
600020,2021.01.04T10:20:45.760,3.41,100,341,2849365,2925123,1780599,1,S,4436415
600020,2021.01.04T10:20:45.760,3.41,300,1023,2849365,2925141,1780606,1,S,4436438
600020,2021.01.04T10:20:46.030,3.41,3800,12958,2849365,2925301,1780694,1,S,4436672
600020,2021.01.04T10:20:48.120,3.42,600,2052,2926329,2906601,1781466,1,B,4438317
600020,2021.01.04T10:21:00.050,3.41,500,1705,2849365,2931961,1785513,1,S,4447556
600020,2021.01.04T10:21:01.350,3.42,1500,5130,2932751,2906601,1786051,1,B,4448747
600020,2021.01.04T10:21:04.340,3.41,10000,34100,2849365,2934261,1787048,1,S,4451113
600020,2021.01.04T10:21:06.390,3.41,3000,10230,2849365,2935212,1787755,1,S,4452696
600020,2021.01.04T10:21:07.980,3.41,26600,90706,2849365,2936081,1788294,1,S,4454056
600020,2021.01.04T10:21:09.850,3.41,8000,27280,2849365,2936990,1788901,1,S,4455489
600020,2021.01.04T10:21:10.030,3.42,1700,5814,2937078,2906601,1788940,1,B,4455607
600020,2021.01.04T10:21:10.030,3.42,1700,5814,2937078,2906741,1788941,1,B,4455608
600020,2021.01.04T10:21:10.030,3.42,300600,1028052,2937078,2907993,1788942,1,B,4455609
600020,2021.01.04T10:21:11.560,3.41,7400,25234,2849365,2937794,1789301,1,S,4456642
600020,2021.01.04T10:21:11.610,3.41,10000,34100,2849365,2937813,1789306,1,S,4456666
600020,2021.01.04T10:21:18.140,3.41,4500,15345,2849365,2941820,1791433,1,S,4462690
600020,2021.01.04T10:21:22.090,3.42,200,684,2943865,2907993,1792676,1,B,4465856
600020,2021.01.04T10:21:28.470,3.42,45700,156294,2947158,2907993,1794702,1,B,4471044
600020,2021.01.04T10:21:45.120,3.42,3500,11970,2955595,2907993,1800057,1,B,4484108
600020,2021.01.04T10:21:45.120,3.42,1000,3420,2955595,2909123,1800058,1,B,4484109
600020,2021.01.04T10:21:45.120,3.42,5900,20178,2955595,2911052,1800059,1,B,4484110
600020,2021.01.04T10:21:45.120,3.42,3000,10260,2955595,2914642,1800060,1,B,4484111
600020,2021.01.04T10:21:45.120,3.42,1000,3420,2955595,2916494,1800061,1,B,4484112
600020,2021.01.04T10:21:45.120,3.42,10100,34542,2955595,2917424,1800062,1,B,4484113
600020,2021.01.04T10:21:45.120,3.42,1500,5130,2955595,2918332,1800063,1,B,4484114
600020,2021.01.04T10:21:46.540,3.42,600,2052,2956371,2918332,1800516,1,B,4485318
600020,2021.01.04T10:21:47.530,3.41,1000,3410,2849365,2956807,1800900,1,S,4486127
600020,2021.01.04T10:21:55.170,3.42,1600,5472,2960733,2918332,1803434,1,B,4492142
600020,2021.01.04T10:21:55.170,3.42,7000,23940,2960733,2921423,1803435,1,B,4492143
600020,2021.01.04T10:21:55.170,3.42,1400,4788,2960733,2923258,1803436,1,B,4492144
600020,2021.01.04T10:21:56.730,3.42,3600,12312,2961460,2923258,1803887,1,B,4493270
600020,2021.01.04T10:21:56.730,3.42,600,2052,2961460,2924809,1803888,1,B,4493271
600020,2021.01.04T10:21:56.730,3.42,3000,10260,2961460,2926202,1803889,1,B,4493272
600020,2021.01.04T10:21:56.730,3.42,2800,9576,2961460,2933589,1803890,1,B,4493273
600020,2021.01.04T10:22:13.860,3.42,7400,25308,2970309,2933589,1809777,1,B,4507413
600020,2021.01.04T10:22:35.250,3.41,3000,10230,2849365,2980896,1816442,1,S,4524053
600020,2021.01.04T10:22:54.060,3.41,1000,3410,2849365,2989956,1823105,1,S,4538919
600020,2021.01.04T10:23:00.950,3.42,300,1026,2993317,2933589,1825763,1,B,4544433
600020,2021.01.04T10:23:02.040,3.41,14600,49786,2849365,2993928,1826205,1,S,4545399
600020,2021.01.04T10:23:02.040,3.41,20000,68200,2867036,2993928,1826206,1,S,4545400
600020,2021.01.04T10:23:02.040,3.41,2000,6820,2867522,2993928,1826207,1,S,4545401
600020,2021.01.04T10:23:02.040,3.41,1900,6479,2891543,2993928,1826208,1,S,4545402
600020,2021.01.04T10:23:02.040,3.41,10000,34100,2899928,2993928,1826209,1,S,4545403
600020,2021.01.04T10:23:02.040,3.41,1000,3410,2928865,2993928,1826210,1,S,4545404
600020,2021.01.04T10:23:02.040,3.41,3200,10912,2930635,2993928,1826211,1,S,4545405
600020,2021.01.04T10:23:02.040,3.41,18400,62744,2954565,2993928,1826212,1,S,4545406
600020,2021.01.04T10:23:12.680,3.42,500,1710,2999262,2933589,1829988,1,B,4553900
600020,2021.01.04T10:23:14.680,3.41,25200,85932,2954565,3000314,1830775,1,S,4555647
600020,2021.01.04T10:23:17.050,3.41,1700,5797,2954565,3001530,1831800,1,S,4557788
600020,2021.01.04T10:23:26.920,3.41,500,1705,2954565,3006209,1835237,1,S,4565654
600020,2021.01.04T10:23:31.980,3.41,1000,3410,2954565,3008648,1836699,1,S,4569527
600020,2021.01.04T10:23:35.350,3.41,1000,3410,2954565,3010118,1837589,1,S,4571838
600020,2021.01.04T10:23:38.250,3.41,300,1023,2954565,3011405,1838400,1,S,4573906
600020,2021.01.04T10:23:43.320,3.41,5000,17050,2954565,3013978,1839949,1,S,4577834
600020,2021.01.04T10:23:43.350,3.41,6300,21483,2954565,3013985,1839951,1,S,4577842
600020,2021.01.04T10:23:49.340,3.41,40600,138446,2954565,3016984,1842154,1,S,4582752
600020,2021.01.04T10:23:49.340,3.41,9000,30690,2964381,3016984,1842155,1,S,4582753
600020,2021.01.04T10:23:52.200,3.41,200,682,2964381,3018544,1843153,1,S,4585153
600020,2021.01.04T10:23:55.090,3.41,800,2728,2964381,3019973,1844104,1,S,4587378
600020,2021.01.04T10:23:55.090,3.41,1000,3410,2976149,3019973,1844105,1,S,4587379
600020,2021.01.04T10:23:55.090,3.41,1000,3410,2992497,3019973,1844106,1,S,4587380
600020,2021.01.04T10:23:55.090,3.41,5200,17732,3009502,3019973,1844107,1,S,4587381
600020,2021.01.04T10:23:57.250,3.41,4800,16368,3009502,3021060,1844797,1,S,4589071
600020,2021.01.04T10:23:59.970,3.41,5200,17732,3022833,3021060,1845961,1,B,4591634
600020,2021.01.04T10:23:59.970,3.41,500,1705,3022833,3021863,1845962,1,B,4591635
600020,2021.01.04T10:24:15.560,3.42,600,2052,3031821,2933589,1851454,1,B,4605186
600020,2021.01.04T10:24:16.730,3.41,5000,17050,3022833,3032538,1851949,1,S,4606335
600020,2021.01.04T10:24:17.220,3.41,1300,4433,3022833,3032807,1852179,1,S,4606775
600020,2021.01.04T10:24:35.170,3.42,41100,140562,3042131,2933589,1858343,1,B,4621469
600020,2021.01.04T10:24:42.370,3.42,14600,49932,3045872,2933589,1861341,1,B,4627834
600020,2021.01.04T10:24:52.910,3.42,52700,180234,3051191,2933589,1864683,1,B,4636219
600020,2021.01.04T10:24:52.910,3.42,2000,6840,3051191,2934681,1864684,1,B,4636220
600020,2021.01.04T10:24:52.910,3.42,400,1368,3051191,2934740,1864685,1,B,4636221
600020,2021.01.04T10:24:52.910,3.42,200,684,3051191,2935462,1864686,1,B,4636222
600020,2021.01.04T10:24:52.910,3.42,2800,9576,3051191,2939391,1864687,1,B,4636223
600020,2021.01.04T10:24:52.910,3.42,5000,17100,3051191,2946675,1864688,1,B,4636224
600020,2021.01.04T10:24:52.910,3.42,1000,3420,3051191,2948600,1864689,1,B,4636225
600020,2021.01.04T10:24:52.910,3.42,5000,17100,3051191,2950245,1864690,1,B,4636226
600020,2021.01.04T10:24:52.910,3.42,500,1710,3051191,2950287,1864691,1,B,4636227
600020,2021.01.04T10:24:52.910,3.42,1300,4446,3051191,2961462,1864692,1,B,4636228
600020,2021.01.04T10:24:52.910,3.42,20800,71136,3051191,2966631,1864693,1,B,4636229
600020,2021.01.04T10:24:52.910,3.42,6500,22230,3051191,2970449,1864694,1,B,4636230
600020,2021.01.04T10:24:52.970,3.42,100,342,3051208,2970449,1864703,1,B,4636251
600020,2021.01.04T10:25:03.950,3.42,1600,5472,3056675,2970449,1868200,1,B,4645020
600020,2021.01.04T10:25:11.270,3.41,1000,3410,3022833,3060544,1870793,1,S,4651215
600020,2021.01.04T10:25:31.710,3.41,21100,71951,3022833,3071425,1878602,1,S,4668849
600020,2021.01.04T10:25:31.710,3.41,4000,13640,3025839,3071425,1878603,1,S,4668850
600020,2021.01.04T10:25:31.710,3.41,1500,5115,3041481,3071425,1878604,1,S,4668851
600020,2021.01.04T10:25:31.710,3.41,23400,79794,3042114,3071425,1878605,1,S,4668852
600020,2021.01.04T10:25:36.930,3.42,100,342,3074291,2970449,1880578,1,B,4673686
600020,2021.01.04T10:25:36.960,3.42,1700,5814,3074312,2970449,1880604,1,B,4673731
600020,2021.01.04T10:25:36.960,3.42,9500,32490,3074312,2970988,1880605,1,B,4673732
600020,2021.01.04T10:25:53.000,3.42,1100,3762,3082615,2970988,1886163,1,B,4687274
600020,2021.01.04T10:25:55.710,3.42,400,1368,3084109,2970988,1887310,1,B,4689829
600020,2021.01.04T10:25:55.710,3.42,10000,34200,3084109,2972673,1887311,1,B,4689830
600020,2021.01.04T10:25:55.710,3.42,41000,140220,3084109,2973389,1887312,1,B,4689831
600020,2021.01.04T10:26:04.520,3.42,30100,102942,3088879,2973389,1890576,1,B,4697672
600020,2021.01.04T10:26:04.520,3.42,200,684,3088879,2984372,1890577,1,B,4697673
600020,2021.01.04T10:26:04.520,3.42,2300,7866,3088879,2985562,1890578,1,B,4697674
600020,2021.01.04T10:26:04.520,3.42,1000,3420,3088879,2985616,1890579,1,B,4697675
600020,2021.01.04T10:26:04.520,3.42,4900,16758,3088879,2997792,1890580,1,B,4697676
600020,2021.01.04T10:26:04.520,3.42,1000,3420,3088879,2998365,1890581,1,B,4697677
600020,2021.01.04T10:26:04.520,3.42,4000,13680,3088879,2999953,1890582,1,B,4697678
600020,2021.01.04T10:26:04.520,3.42,9500,32490,3088879,3008922,1890583,1,B,4697679
600020,2021.01.04T10:26:04.520,3.42,1000,3420,3088879,3009814,1890584,1,B,4697680
600020,2021.01.04T10:26:04.520,3.42,2600,8892,3088879,3017641,1890585,1,B,4697681
600020,2021.01.04T10:26:04.520,3.42,500,1710,3088879,3019022,1890586,1,B,4697682
600020,2021.01.04T10:26:04.520,3.42,3000,10260,3088879,3022842,1890587,1,B,4697683
600020,2021.01.04T10:26:04.520,3.42,100,342,3088879,3023443,1890588,1,B,4697684
600020,2021.01.04T10:26:04.520,3.42,100,342,3088879,3023469,1890589,1,B,4697685
600020,2021.01.04T10:26:04.520,3.42,100,342,3088879,3023493,1890590,1,B,4697686
600020,2021.01.04T10:26:04.520,3.42,100,342,3088879,3023494,1890591,1,B,4697687
600020,2021.01.04T10:26:04.520,3.42,100,342,3088879,3023502,1890592,1,B,4697688
600020,2021.01.04T10:26:04.520,3.42,100,342,3088879,3023503,1890593,1,B,4697689
600020,2021.01.04T10:26:04.520,3.42,100,342,3088879,3023510,1890594,1,B,4697690
600020,2021.01.04T10:26:04.520,3.42,100,342,3088879,3023523,1890595,1,B,4697691
600020,2021.01.04T10:26:04.520,3.42,100,342,3088879,3023524,1890596,1,B,4697692
600020,2021.01.04T10:26:04.520,3.42,100,342,3088879,3023534,1890597,1,B,4697693
600020,2021.01.04T10:26:04.520,3.42,400,1368,3088879,3023535,1890598,1,B,4697694
600020,2021.01.04T10:26:04.520,3.42,100,342,3088879,3023537,1890599,1,B,4697695
600020,2021.01.04T10:26:04.520,3.42,300,1026,3088879,3023600,1890600,1,B,4697696
600020,2021.01.04T10:26:04.520,3.42,300,1026,3088879,3023601,1890601,1,B,4697697
600020,2021.01.04T10:26:04.520,3.42,300,1026,3088879,3023662,1890602,1,B,4697698
600020,2021.01.04T10:26:04.520,3.42,100,342,3088879,3023694,1890603,1,B,4697699
600020,2021.01.04T10:26:04.520,3.42,100,342,3088879,3023695,1890604,1,B,4697700
600020,2021.01.04T10:26:04.520,3.42,100,342,3088879,3023722,1890605,1,B,4697701
600020,2021.01.04T10:26:04.520,3.42,100,342,3088879,3023727,1890606,1,B,4697702
600020,2021.01.04T10:26:04.520,3.42,100,342,3088879,3023737,1890607,1,B,4697703
600020,2021.01.04T10:26:04.520,3.42,100,342,3088879,3023739,1890608,1,B,4697704
600020,2021.01.04T10:26:04.520,3.42,100,342,3088879,3023750,1890609,1,B,4697705
600020,2021.01.04T10:26:04.520,3.42,100,342,3088879,3023751,1890610,1,B,4697706
600020,2021.01.04T10:26:04.520,3.42,100,342,3088879,3023755,1890611,1,B,4697707
600020,2021.01.04T10:26:04.520,3.42,100,342,3088879,3023756,1890612,1,B,4697708
600020,2021.01.04T10:26:04.520,3.42,100,342,3088879,3023780,1890613,1,B,4697709
600020,2021.01.04T10:26:04.520,3.42,100,342,3088879,3024147,1890614,1,B,4697710
600020,2021.01.04T10:26:04.520,3.42,3000,10260,3088879,3037847,1890615,1,B,4697711
600020,2021.01.04T10:26:04.520,3.42,9000,30780,3088879,3040153,1890616,1,B,4697712
600020,2021.01.04T10:26:04.520,3.42,3000,10260,3088879,3042133,1890617,1,B,4697713
600020,2021.01.04T10:26:04.520,3.42,1000,3420,3088879,3042306,1890618,1,B,4697714
600020,2021.01.04T10:26:04.520,3.42,1000,3420,3088879,3048130,1890619,1,B,4697715
600020,2021.01.04T10:26:04.520,3.42,4600,15732,3088879,3049676,1890620,1,B,4697716
600020,2021.01.04T10:26:04.520,3.42,1500,5130,3088879,3052818,1890621,1,B,4697717
600020,2021.01.04T10:26:04.520,3.42,1200,4104,3088879,3054862,1890622,1,B,4697718
600020,2021.01.04T10:26:04.520,3.42,1000,3420,3088879,3058366,1890623,1,B,4697719
600020,2021.01.04T10:26:04.520,3.42,2000,6840,3088879,3066839,1890624,1,B,4697720
600020,2021.01.04T10:26:04.520,3.42,600,2052,3088879,3080816,1890625,1,B,4697721
600020,2021.01.04T10:26:04.520,3.42,2000,6840,3088879,3082878,1890626,1,B,4697722
600020,2021.01.04T10:26:17.870,3.43,10851,37218.930000000000291,3096499,2879625,1895960,1,B,4709857
600020,2021.01.04T10:26:17.870,3.43,449,1540.069999999999936,3096499,2879639,1895961,1,B,4709858
600020,2021.01.04T10:26:31.730,3.42,7600,25992,3088879,3103914,1900706,1,S,4721746
600020,2021.01.04T10:26:32.450,3.43,2551,8749.930000000000291,3104253,2879639,1900931,1,B,4722267
600020,2021.01.04T10:26:32.450,3.43,1000,3430,3104253,2881988,1900932,1,B,4722268
600020,2021.01.04T10:26:32.450,3.43,8449,28980.069999999999708,3104253,2882312,1900933,1,B,4722269
600020,2021.01.04T10:26:43.220,3.43,2951,10121.930000000000291,3110853,2882312,1905563,1,B,4732758
600020,2021.01.04T10:26:43.220,3.43,5849,20062.069999999999708,3110853,2882639,1905564,1,B,4732759
600020,2021.01.04T10:26:44.930,3.43,400,1372,3111825,2882639,1906424,1,B,4734442
600020,2021.01.04T10:26:45.370,3.43,37451,128456.929999999993015,3112123,2882639,1906672,1,B,4734943
600020,2021.01.04T10:26:45.370,3.43,1000,3430,3112123,2885311,1906673,1,B,4734944
600020,2021.01.04T10:26:45.370,3.43,10000,34300,3112123,2893208,1906674,1,B,4734945
600020,2021.01.04T10:26:45.370,3.43,10000,34300,3112123,2893612,1906675,1,B,4734946
600020,2021.01.04T10:26:45.370,3.43,1000,3430,3112123,2897995,1906676,1,B,4734947
600020,2021.01.04T10:26:45.370,3.43,600,2058,3112123,2902133,1906677,1,B,4734948
600020,2021.01.04T10:26:45.370,3.43,10500,36015,3112123,2905270,1906678,1,B,4734949
600020,2021.01.04T10:26:45.370,3.43,5000,17150,3112123,2905642,1906679,1,B,4734950
600020,2021.01.04T10:26:45.370,3.43,4449,15260.069999999999708,3112123,2906022,1906680,1,B,4734951
600020,2021.01.04T10:26:48.430,3.43,351,1203.930000000000063,3114136,2906022,1908411,1,B,4738459
600020,2021.01.04T10:26:48.430,3.43,500,1715,3114136,2906961,1908412,1,B,4738460
600020,2021.01.04T10:26:48.430,3.43,5800,19894,3114136,2907469,1908413,1,B,4738461
600020,2021.01.04T10:26:48.430,3.43,1000,3430,3114136,2913383,1908414,1,B,4738462
600020,2021.01.04T10:26:48.430,3.43,1900,6517,3114136,2914589,1908415,1,B,4738463
600020,2021.01.04T10:26:48.430,3.43,949,3255.070000000000163,3114136,2933323,1908416,1,B,4738464
600020,2021.01.04T10:26:48.960,3.42,4000,13680,3088879,3114453,1908655,1,S,4739001
600020,2021.01.04T10:26:48.960,3.43,1051,3604.929999999999836,3114478,2933323,1908669,1,B,4739040
600020,2021.01.04T10:26:48.960,3.43,1949,6685.069999999999708,3114478,2934237,1908670,1,B,4739041
600020,2021.01.04T10:26:59.280,3.43,51,174.930000000000006,3119795,2934237,1912280,1,B,4747707
600020,2021.01.04T10:26:59.280,3.43,1000,3430,3119795,2946643,1912281,1,B,4747708
600020,2021.01.04T10:26:59.280,3.43,3949,13545.069999999999708,3119795,2954589,1912282,1,B,4747709
600020,2021.01.04T10:27:11.930,3.43,900,3087,3126069,2954589,1916593,1,B,4757713
600020,2021.01.04T10:27:16.810,3.43,200,686,3128407,2954589,1918063,1,B,4761289
600020,2021.01.04T10:27:18.220,3.43,500,1715,3129004,2954589,1918605,1,B,4762389
600020,2021.01.04T10:27:19.830,3.42,10000,34200,3088879,3129874,1919146,1,S,4763711
600020,2021.01.04T10:27:26.730,3.42,600,2052,3088879,3133307,1921220,1,S,4768958
600020,2021.01.04T10:27:27.930,3.43,1500,5145,3134004,2954589,1921658,1,B,4769969
600020,2021.01.04T10:27:34.350,3.42,600,2052,3088879,3137363,1923698,1,S,4775031
600020,2021.01.04T10:27:35.370,3.42,15000,51300,3088879,3137814,1924022,1,S,4775772
600020,2021.01.04T10:27:35.370,3.42,2000,6840,3091120,3137814,1924023,1,S,4775773
600020,2021.01.04T10:27:35.370,3.42,5000,17100,3091238,3137814,1924024,1,S,4775774
600020,2021.01.04T10:27:35.370,3.42,10400,35568,3099944,3137814,1924025,1,S,4775775
600020,2021.01.04T10:27:35.370,3.42,46500,159030,3106065,3137814,1924026,1,S,4775776
600020,2021.01.04T10:27:45.010,3.42,1000,3420,3106065,3142584,1926894,1,S,4783192
600020,2021.01.04T10:27:45.400,3.42,10000,34200,3106065,3142852,1926999,1,S,4783553
600020,2021.01.04T10:27:46.560,3.43,7000,24010,3143476,2954589,1927340,1,B,4784474
600020,2021.01.04T10:27:46.560,3.43,44951,154181.929999999993015,3143485,2954589,1927352,1,B,4784493
600020,2021.01.04T10:27:46.560,3.43,1000,3430,3143485,2956469,1927353,1,B,4784494
600020,2021.01.04T10:27:46.560,3.43,3400,11662,3143485,2957846,1927354,1,B,4784495
600020,2021.01.04T10:27:46.560,3.43,8000,27440,3143485,2958979,1927355,1,B,4784496
600020,2021.01.04T10:27:46.560,3.43,500,1715,3143485,2959188,1927356,1,B,4784497
600020,2021.01.04T10:27:46.560,3.43,2000,6860,3143485,2960087,1927357,1,B,4784498
600020,2021.01.04T10:27:46.560,3.43,1500,5145,3143485,2987109,1927358,1,B,4784499
600020,2021.01.04T10:27:46.560,3.43,1000,3430,3143485,2990726,1927359,1,B,4784500
600020,2021.01.04T10:27:46.560,3.43,5000,17150,3143485,3001512,1927360,1,B,4784501
600020,2021.01.04T10:27:46.560,3.43,4200,14406,3143485,3001754,1927361,1,B,4784502
600020,2021.01.04T10:27:46.560,3.43,2100,7203,3143485,3005784,1927362,1,B,4784503
600020,2021.01.04T10:27:46.560,3.43,15000,51450,3143485,3009535,1927363,1,B,4784504
600020,2021.01.04T10:27:46.560,3.43,5700,19551,3143485,3034650,1927364,1,B,4784505
600020,2021.01.04T10:27:46.560,3.43,200,686,3143485,3037898,1927365,1,B,4784506
600020,2021.01.04T10:27:46.560,3.43,5600,19208,3143485,3090327,1927366,1,B,4784507
600020,2021.01.04T10:27:46.560,3.43,800,2744,3143485,3099983,1927367,1,B,4784508
600020,2021.01.04T10:27:46.560,3.43,5000,17150,3143485,3101721,1927368,1,B,4784509
600020,2021.01.04T10:27:46.560,3.43,2000,6860,3143485,3103419,1927369,1,B,4784510
600020,2021.01.04T10:27:46.560,3.43,1000,3430,3143485,3103846,1927370,1,B,4784511
600020,2021.01.04T10:27:46.560,3.43,1500,5145,3143485,3103922,1927371,1,B,4784512
600020,2021.01.04T10:27:46.560,3.43,1500,5145,3143485,3108072,1927372,1,B,4784513
600020,2021.01.04T10:27:46.560,3.43,900,3087,3143485,3108290,1927373,1,B,4784514
600020,2021.01.04T10:27:46.560,3.43,1000,3430,3143485,3114524,1927374,1,B,4784515
600020,2021.01.04T10:27:46.560,3.43,1000,3430,3143485,3117194,1927375,1,B,4784516
600020,2021.01.04T10:27:46.560,3.43,3800,13034,3143485,3119262,1927376,1,B,4784517
600020,2021.01.04T10:27:46.560,3.43,8000,27440,3143485,3120005,1927377,1,B,4784518
600020,2021.01.04T10:27:46.560,3.43,600,2058,3143485,3120462,1927378,1,B,4784519
600020,2021.01.04T10:27:46.560,3.43,1900,6517,3143485,3122488,1927379,1,B,4784520
600020,2021.01.04T10:27:46.560,3.43,8249,28294.069999999999708,3143485,3125553,1927380,1,B,4784521
600020,2021.01.04T10:27:47.130,3.42,20000,68400,3106065,3143705,1927520,1,S,4784878
600020,2021.01.04T10:27:48.080,3.42,500,1710,3106065,3144148,1927775,1,S,4785575
600020,2021.01.04T10:27:51.420,3.43,4300,14749,3145804,3125553,1928778,1,B,4788192
600020,2021.01.04T10:27:53.880,3.42,500,1710,3106065,3146932,1929574,1,S,4790005
600020,2021.01.04T10:27:58.540,3.43,2451,8406.930000000000291,3149161,3125553,1930950,1,B,4793438
600020,2021.01.04T10:27:58.540,3.43,200,686,3149161,3134825,1930951,1,B,4793439
600020,2021.01.04T10:27:58.540,3.43,10000,34300,3149161,3135924,1930952,1,B,4793440
600020,2021.01.04T10:27:58.540,3.43,1500,5145,3149161,3138844,1930953,1,B,4793441
600020,2021.01.04T10:27:58.540,3.43,5000,17150,3149161,3139032,1930954,1,B,4793442
600020,2021.01.04T10:27:58.540,3.43,2000,6860,3149161,3141568,1930955,1,B,4793443
600020,2021.01.04T10:27:58.540,3.43,2000,6860,3149161,3142944,1930956,1,B,4793444
600020,2021.01.04T10:27:58.540,3.43,1949,6685.069999999999708,3149161,3143220,1930957,1,B,4793445
600020,2021.01.04T10:28:06.410,3.43,1000,3430,3153084,3143220,1933493,1,B,4799529
600020,2021.01.04T10:28:08.920,3.43,800,2744,3154362,3143220,1934278,1,B,4801483
600020,2021.01.04T10:28:10.450,3.42,2000,6840,3106065,3155221,1934759,1,S,4802742
600020,2021.01.04T10:28:10.750,3.42,10000,34200,3106065,3155361,1934837,1,S,4802948
600020,2021.01.04T10:28:31.870,3.42,6700,22914,3106065,3165476,1941161,1,S,4818565
600020,2021.01.04T10:28:34.530,3.42,1000,3420,3106065,3166692,1941883,1,S,4820418
600020,2021.01.04T10:28:37.770,3.43,6251,21440.930000000000291,3168087,3143220,1942770,1,B,4822593
600020,2021.01.04T10:28:37.770,3.43,3000,10290,3168087,3143979,1942771,1,B,4822594
600020,2021.01.04T10:28:37.770,3.43,1249,4284.069999999999708,3168087,3145099,1942772,1,B,4822595
600020,2021.01.04T10:28:40.900,3.42,10000,34200,3106065,3169415,1943534,1,S,4824644
600020,2021.01.04T10:28:46.060,3.43,900,3087,3171838,3145099,1945022,1,B,4828377
600020,2021.01.04T10:29:08.710,3.42,1500,5130,3106065,3182444,1952536,1,S,4845726
600020,2021.01.04T10:29:23.730,3.42,1400,4788,3106065,3189495,1957251,1,S,4856979
600020,2021.01.04T10:29:23.730,3.42,2900,9918,3131546,3189495,1957252,1,S,4856980
600020,2021.01.04T10:29:31.510,3.42,7100,24282,3131546,3193174,1959420,1,S,4862645
600020,2021.01.04T10:29:31.510,3.42,12900,44118,3133839,3193174,1959421,1,S,4862646
600020,2021.01.04T10:29:37.590,3.43,17851,61228.930000000000291,3195845,3145099,1961131,1,B,4866863
600020,2021.01.04T10:29:37.590,3.43,3849,13202.069999999999708,3195845,3145325,1961132,1,B,4866864
600020,2021.01.04T10:30:01.720,3.42,5000,17100,3133839,3207282,1969281,1,S,4885605
600020,2021.01.04T10:30:06.570,3.42,300,1026,3133839,3209954,1971230,1,S,4890001
600020,2021.01.04T10:30:16.540,3.42,600,2052,3133839,3215867,1975156,1,S,4899135
600020,2021.01.04T10:30:16.540,3.42,400,1368,3143008,3215867,1975157,1,S,4899136
600020,2021.01.04T10:30:17.170,3.42,1300,4446,3143008,3216150,1975332,1,S,4899586
600020,2021.01.04T10:30:17.330,3.43,11451,39276.930000000000291,3216223,3145325,1975362,1,B,4899675
600020,2021.01.04T10:30:17.330,3.43,10000,34300,3216223,3146091,1975363,1,B,4899676
600020,2021.01.04T10:30:17.330,3.43,4900,16807,3216223,3146521,1975364,1,B,4899677
600020,2021.01.04T10:30:17.330,3.43,1300,4459,3216223,3147095,1975365,1,B,4899678
600020,2021.01.04T10:30:17.330,3.43,100000,343000,3216223,3148939,1975366,1,B,4899679
600020,2021.01.04T10:30:17.330,3.43,100,343,3216223,3150694,1975367,1,B,4899680
600020,2021.01.04T10:30:17.330,3.43,10000,34300,3216223,3150808,1975368,1,B,4899681
600020,2021.01.04T10:30:17.330,3.43,100,343,3216223,3152036,1975369,1,B,4899682
600020,2021.01.04T10:30:17.330,3.43,2000,6860,3216223,3154856,1975370,1,B,4899683
600020,2021.01.04T10:30:17.330,3.43,1000,3430,3216223,3155831,1975371,1,B,4899684
600020,2021.01.04T10:30:17.330,3.43,1000,3430,3216223,3158309,1975372,1,B,4899685
600020,2021.01.04T10:30:17.330,3.43,11100,38073,3216223,3161252,1975373,1,B,4899686
600020,2021.01.04T10:30:17.330,3.43,5000,17150,3216223,3161745,1975374,1,B,4899687
600020,2021.01.04T10:30:17.330,3.43,3000,10290,3216223,3168434,1975375,1,B,4899688
600020,2021.01.04T10:30:17.330,3.43,2900,9947,3216223,3171962,1975376,1,B,4899689
600020,2021.01.04T10:30:17.330,3.43,500,1715,3216223,3176616,1975377,1,B,4899690
600020,2021.01.04T10:30:17.330,3.43,1000,3430,3216223,3177929,1975378,1,B,4899691
600020,2021.01.04T10:30:17.330,3.43,2800,9604,3216223,3177950,1975379,1,B,4899692
600020,2021.01.04T10:30:17.330,3.43,600,2058,3216223,3178262,1975380,1,B,4899693
600020,2021.01.04T10:30:17.330,3.43,1500,5145,3216223,3182250,1975381,1,B,4899694
600020,2021.01.04T10:30:17.330,3.43,400,1372,3216223,3185925,1975382,1,B,4899695
600020,2021.01.04T10:30:17.330,3.43,5000,17150,3216223,3186899,1975383,1,B,4899696
600020,2021.01.04T10:30:17.330,3.43,300,1029,3216223,3187712,1975384,1,B,4899697
600020,2021.01.04T10:30:17.330,3.43,9500,32585,3216223,3189509,1975385,1,B,4899698
600020,2021.01.04T10:30:17.330,3.43,1000,3430,3216223,3190840,1975386,1,B,4899699
600020,2021.01.04T10:30:17.330,3.43,11700,40131,3216223,3192463,1975387,1,B,4899700
600020,2021.01.04T10:30:17.330,3.43,9000,30870,3216223,3193658,1975388,1,B,4899701
600020,2021.01.04T10:30:17.330,3.43,1000,3430,3216223,3196139,1975389,1,B,4899702
600020,2021.01.04T10:30:17.330,3.43,3000,10290,3216223,3197444,1975390,1,B,4899703
600020,2021.01.04T10:30:17.330,3.43,2000,6860,3216223,3199627,1975391,1,B,4899704
600020,2021.01.04T10:30:17.330,3.43,3000,10290,3216223,3200616,1975392,1,B,4899705
600020,2021.01.04T10:30:17.330,3.43,3000,10290,3216223,3201129,1975393,1,B,4899706
600020,2021.01.04T10:30:17.330,3.43,7000,24010,3216223,3203902,1975394,1,B,4899707
600020,2021.01.04T10:30:17.330,3.43,1000,3430,3216223,3209450,1975395,1,B,4899708
600020,2021.01.04T10:30:17.330,3.43,5800,19894,3216223,3209458,1975396,1,B,4899709
600020,2021.01.04T10:30:17.330,3.43,10000,34300,3216223,3211199,1975397,1,B,4899710
600020,2021.01.04T10:30:17.480,3.43,400,1372,3216223,3216305,1975455,1,S,4899833
600020,2021.01.04T10:30:17.830,3.43,20000,68600,3216223,3216454,1975514,1,S,4900040
600020,2021.01.04T10:30:19.160,3.43,100,343,3216223,3217306,1976122,1,S,4901435
600020,2021.01.04T10:30:19.160,3.43,13700,46991,3216223,3217308,1976131,1,S,4901444
600020,2021.01.04T10:30:22.100,3.43,7800,26754,3216223,3219098,1977330,1,S,4904245
600020,2021.01.04T10:30:22.690,3.43,10000,34300,3216223,3219517,1977528,1,S,4904816
600020,2021.01.04T10:30:23.230,3.43,200,686,3216223,3219754,1977639,1,S,4905169
600020,2021.01.04T10:30:27.010,3.43,5000,17150,3216223,3221900,1979039,1,S,4908461
600020,2021.01.04T10:30:30.800,3.43,5000,17150,3216223,3224099,1980789,1,S,4912195
600020,2021.01.04T10:30:32.520,3.44,2000,6880,3225133,6178,1981502,1,B,4913766
600020,2021.01.04T10:30:32.520,3.44,500,1720,3225133,26850,1981503,1,B,4913767
600020,2021.01.04T10:30:32.520,3.44,2500,8600,3225133,30647,1981504,1,B,4913768
600020,2021.01.04T10:30:38.730,3.44,5000,17200,3228594,30647,1983843,1,B,4919269
600020,2021.01.04T10:30:39.900,3.43,2500,8575,3216223,3229444,1984262,1,S,4920424
600020,2021.01.04T10:30:40.330,3.43,3000,10290,3216223,3229716,1984473,1,S,4920889
600020,2021.01.04T10:30:49.730,3.43,9700,33271,3216223,3235251,1988644,1,S,4929998
600020,2021.01.04T10:30:56.740,3.43,15000,51450,3216223,3239221,1991565,1,S,4936555
600020,2021.01.04T10:31:01.510,3.44,300,1032,3242194,30647,1993930,1,B,4941473
