Time,Exchange,Symbol,Bid_Price,Bid_Size,Offer_Price,Offer_Size
04:40:11.686699000,T,AAPL,0,0,27.42,1
06:42:50.247631000,P,AAPL,26.7,10,27.47,1
07:00:12.194786000,P,AAPL,26.75,5,27.47,1
07:15:03.578071000,P,AAPL,26.7,10,27.47,1
07:59:39.606882000,K,AAPL,26.9,1,0,0
08:00:00.022134000,K,AAPL,26.9,1,27.49,10
08:00:00.461429000,P,AAPL,26.7,10,27.23,1
08:00:02.082474000,P,AAPL,26.7,10,27.47,1
08:00:02.456769000,P,AAPL,26.7,10,27.25,1
08:00:04.079830000,P,AAPL,26.7,10,27.47,1
08:00:18.358246000,T,AAPL,26.91,10,27.42,1
08:01:01.538596000,K,AAPL,26.88,1,27.29,2
08:06:46.969733000,P,AAPL,26.95,1,27.46,1
08:10:57.956544000,P,AAPL,26.95,1,27.27,3
08:11:11.244985000,K,AAPL,26.97,8,27.28,8
08:11:32.007333000,T,AAPL,27,1,27.42,1
08:12:46.264069000,T,AAPL,26.72,3,27.42,1
08:30:09.444133000,P,AAPL,26.95,1,27.25,8
08:30:15.823126000,P,AAPL,26.95,1,27.23,2
08:30:23.160481000,P,AAPL,26.91,10,27.23,2
08:30:26.027555000,P,AAPL,27,1,27.23,2
08:30:30.006196000,P,AAPL,26.91,10,27.23,2
08:33:35.626005000,P,AAPL,26.92,1,27.08,2
08:49:01.440395000,K,AAPL,26.96,1,27.15,2
08:50:13.477907000,P,AAPL,27,63,27.2,10
08:51:22.122128000,P,AAPL,27.01,1,27.2,10
08:57:16.359075000,K,AAPL,26.96,1,27.05,10
09:01:00.112577000,P,AAPL,27,63,27.15,5
09:02:00.322203000,P,AAPL,27,61,27.05,2
09:10:00.039789000,P,AAPL,27,59,27.05,1
09:17:51.103764000,P,AAPL,27,60,27.05,1
09:17:52.269685000,P,AAPL,27,59,27.05,1
09:17:52.839051000,P,AAPL,27.01,1,27.05,1
09:17:54.051830000,P,AAPL,27,59,27.05,1
09:17:55.895349000,P,AAPL,27,64,27.05,1
09:17:56.143001000,P,AAPL,27,69,27.05,1
09:20:00.049843000,K,AAPL,26.96,2,27.04,3
09:20:00.176088000,P,AAPL,27,65,27.04,3
09:20:00.187506000,K,AAPL,26.96,1,27.04,3
09:27:29.968161000,T,AAPL,26.96,5,27.26,1
09:27:51.933817000,T,AAPL,26.78,1,27.03,6
09:27:54.961534000,P,AAPL,26.91,10,27.04,4
09:27:54.962546000,K,AAPL,26.88,4,27.04,2
09:27:55.004082000,Y,AAPL,26.91,60,27.08,5
09:27:55.094226000,Y,AAPL,25.11,1,27.08,5
09:27:56.993431000,P,AAPL,26.91,11,27.04,4
09:27:58.000392000,P,AAPL,26.91,10,27.04,4
09:28:00.041869000,P,AAPL,26.91,7,27.04,4
09:28:00.045112000,P,AAPL,26.73,2,27.04,4
09:28:00.046377000,K,AAPL,26.88,3,27.04,2
09:28:00.360473000,K,AAPL,26.85,1,27.04,2
09:28:00.749307000,K,AAPL,26.7,4,27.04,2
09:28:00.754065000,T,AAPL,26.72,3,26.86,34
09:28:00.755859000,T,AAPL,26.72,3,27.05,1
09:28:00.774701000,T,AAPL,26.72,3,26.84,19
09:28:00.802125000,Z,AAPL,26.72,4,27.11,3
09:28:00.846514000,T,AAPL,26.72,3,26.84,17
09:28:00.864084000,T,AAPL,26.72,3,27.01,7
09:28:00.864154000,T,AAPL,26.72,3,27.05,1
09:28:00.864254000,T,AAPL,26.72,3,27.02,1
09:28:00.864277000,T,AAPL,26.72,3,27.01,7
09:28:07.154646000,P,AAPL,26.83,35,27.01,2
09:30:00.005868000,Z,AAPL,26.89,1,27.1,6
09:30:00.011058000,Z,AAPL,26.89,11,27.1,6
09:30:00.031523000,Z,AAPL,26.89,13,27.1,6
09:30:00.284623000,P,AAPL,26.89,8,26.98,8
09:30:00.454066000,P,AAPL,26.89,8,26.98,1
09:30:01.009828000,P,AAPL,26.89,15,27.03,3
09:30:01.015190000,T,AAPL,26.77,7,27.01,2
09:30:01.032373000,T,AAPL,26.9,1,27.01,2
09:30:01.032510000,Z,AAPL,26.89,11,27.1,6
09:30:01.037609000,Z,AAPL,26.9,2,27.1,6
09:30:01.038182000,Z,AAPL,26.89,11,27.1,6
09:30:01.039453000,Z,AAPL,26.9,2,27.1,6
09:30:01.039640000,Z,AAPL,26.89,11,27.1,6
09:30:02.007940000,P,AAPL,26.9,2,27.01,1
09:30:02.635500000,P,AAPL,26.9,1,27,9
09:30:05.458685000,V,AAPL,26.91,1,27.05,1
09:30:05.508883000,P,AAPL,26.91,3,27,8
09:30:05.509271000,T,AAPL,26.91,2,27.01,2
09:30:05.946621000,P,AAPL,26.91,3,27.03,1
09:30:05.946684000,N,AAPL,26.9,2,27,2
09:30:05.946768000,P,AAPL,26.91,2,27.03,1
09:30:05.946950000,P,AAPL,26.9,1,27.03,1
09:30:05.948703000,V,AAPL,26.89,1,27.03,1
09:30:05.948769000,V,AAPL,26.91,10,27.03,1
09:30:05.950237000,V,AAPL,26.89,1,27.03,1
09:30:05.951135000,N,AAPL,26.9,4,27.07,10
09:30:05.951312000,N,AAPL,26.91,4,27.07,10
09:30:05.951663000,Z,AAPL,26.91,6,27.07,6
09:30:05.951800000,Z,AAPL,26.91,9,27.07,6
09:30:05.951977000,T,AAPL,26.91,12,27.05,1
09:30:05.952036000,V,AAPL,26.89,1,27.05,1
09:30:05.952734000,T,AAPL,26.91,9,27.05,1
09:30:05.952760000,Z,AAPL,26.91,6,27.07,6
09:30:05.952782000,K,AAPL,26.91,6,27.05,10
09:30:05.955210000,N,AAPL,26.92,4,27.07,12
09:30:05.955329000,T,AAPL,26.91,9,27.05,1
09:30:05.955428000,Z,AAPL,26.92,6,27.07,6
09:30:05.955459000,T,AAPL,26.92,8,27.05,1
09:30:05.955539000,T,AAPL,26.92,10,27.05,1
09:30:05.955674000,K,AAPL,26.92,6,27,1
09:30:05.955789000,K,AAPL,26.92,6,27.05,10
09:30:05.956392000,V,AAPL,26.93,1,27.07,4
09:30:05.958121000,T,AAPL,26.92,11,27.04,2
09:30:05.958219000,T,AAPL,26.92,11,27.05,1
09:30:05.961798000,N,AAPL,26.93,6,27.07,12
09:30:05.973530000,N,AAPL,26.93,3,27.05,1
09:30:05.975429000,P,AAPL,26.92,4,27.04,5
09:30:05.975622000,P,AAPL,26.92,4,27.04,7
09:30:05.975679000,N,AAPL,26.9,4,27.05,1
09:30:05.975776000,N,AAPL,26.9,4,27.04,9
09:30:06.012386000,N,AAPL,26.91,2,27.05,3
09:30:07.418355000,Z,AAPL,26.93,4,27.03,4
09:30:07.418560000,Y,AAPL,26.93,2,27.04,1
09:30:07.418941000,V,AAPL,26.91,1,27.05,1
09:30:07.455811000,N,AAPL,26.93,2,27.05,3
09:30:07.456317000,Y,AAPL,26.93,1,27.05,1
09:30:11.084521000,T,AAPL,26.94,10,27.05,1
09:30:11.085068000,T,AAPL,26.94,12,27.05,1
09:30:11.085566000,T,AAPL,26.94,13,27.05,1
09:30:11.085757000,T,AAPL,26.94,3,27.05,1
09:30:11.087198000,N,AAPL,26.94,12,27.05,1
09:30:11.710401000,P,AAPL,26.95,4,27.06,1
09:30:11.710628000,P,AAPL,26.95,6,27.06,1
09:30:11.710763000,N,AAPL,26.96,1,27.05,1
09:30:11.712839000,N,AAPL,26.96,11,27.05,1
09:30:11.713806000,V,AAPL,26.97,1,27.09,1
09:30:11.715118000,N,AAPL,26.97,10,27.05,1
09:30:11.715372000,N,AAPL,26.98,1,27.05,1
09:30:11.717412000,N,AAPL,26.98,11,27.05,1
09:30:11.969535000,K,AAPL,26.96,2,27.05,11
09:30:11.969644000,K,AAPL,26.96,2,27.05,13
09:30:12.664178000,K,AAPL,26.96,2,27.05,11
09:30:12.748227000,N,AAPL,26.98,10,27.05,1
09:30:12.763663000,N,AAPL,26.99,4,27.06,1
09:30:12.766907000,N,AAPL,26.99,14,27.06,3
09:30:15.503382000,N,AAPL,26.99,16,27.06,1
09:30:16.152195000,N,AAPL,27,10,27.06,1
09:30:16.152442000,N,AAPL,27,12,27.06,1
09:30:16.153051000,N,AAPL,27,10,27.06,3
09:30:16.709493000,N,AAPL,27,12,27.06,1
09:30:21.209061000,N,AAPL,27,10,27.05,2
09:30:21.209925000,N,AAPL,27.01,10,27.05,2
09:30:21.246887000,N,AAPL,27.01,10,27.05,2
09:30:21.292797000,N,AAPL,27.01,10,27.04,1
09:30:21.476950000,K,AAPL,26.98,2,27.04,2
09:30:21.477048000,K,AAPL,26.98,2,27.04,4
09:30:21.502045000,K,AAPL,26.98,2,27.04,3
09:30:21.509049000,N,AAPL,27.01,10,27.04,2
09:30:21.611146000,Y,AAPL,26.98,1,27.04,4
09:30:21.643273000,Y,AAPL,26.98,1,27.04,5
09:30:21.690695000,N,AAPL,26.99,6,27.04,2
09:30:21.690940000,N,AAPL,26.99,6,27.03,1
09:30:21.691109000,N,AAPL,26.99,6,27.03,7
09:30:21.692162000,N,AAPL,26.99,4,27.02,1
09:30:21.692196000,T,AAPL,26.99,2,27.03,3
09:30:21.692253000,T,AAPL,26.99,2,27.01,1
09:30:21.692888000,N,AAPL,26.97,1,27.02,1
09:30:21.729613000,N,AAPL,27,2,27.01,1
09:30:21.731277000,N,AAPL,27,1,27.01,1
09:30:21.732189000,T,AAPL,27,1,27.01,8
09:30:21.732415000,T,AAPL,27,1,27.01,1
09:30:21.738663000,Z,AAPL,26.98,4,27.01,1
09:30:22.657642000,N,AAPL,26.99,3,27.01,1
09:30:23.313481000,B,AAPL,26.9,85,27.03,1
09:30:24.373692000,T,AAPL,27,2,27.01,1
09:30:24.659985000,T,AAPL,27,4,27.01,1
09:30:24.812755000,P,AAPL,26.96,1,27.01,2
09:30:24.812861000,P,AAPL,26.95,3,27.01,2
09:30:24.812878000,P,AAPL,26.95,3,27.01,3
09:30:24.814560000,T,AAPL,27,4,27.01,3
09:30:25.302428000,P,AAPL,26.95,3,27.01,2
09:30:25.302878000,N,AAPL,27,5,27.03,4
09:30:25.302959000,T,AAPL,27,4,27.01,2
09:30:25.303011000,N,AAPL,27,6,27.03,4
09:30:25.303044000,T,AAPL,27,4,27.03,1
09:30:25.303077000,T,AAPL,27,7,27.03,1
09:30:25.303154000,T,AAPL,27,9,27.03,1
09:30:25.303184000,T,AAPL,27,7,27.03,1
09:30:25.303300000,P,AAPL,27.01,3,27.03,1
09:30:25.303581000,P,AAPL,27.01,4,27.03,1
09:30:25.303756000,N,AAPL,27.01,8,27.04,1
09:30:25.303970000,N,AAPL,27.01,7,27.05,4
09:30:25.307734000,N,AAPL,27.01,6,27.05,4
09:30:25.308196000,K,AAPL,27,1,27.05,13
09:30:25.308429000,Y,AAPL,26.98,1,27.02,1
09:30:25.310660000,Y,AAPL,26.98,1,27.02,2
09:30:25.310762000,N,AAPL,27.01,3,27.04,2
09:30:25.310852000,Y,AAPL,26.98,1,27.02,3
09:30:25.310871000,N,AAPL,27,8,27.04,2
09:30:25.312526000,Y,AAPL,26.98,1,27.02,4
09:30:25.321494000,N,AAPL,27,1,27.02,5
09:30:25.333032000,N,AAPL,27,1,27.02,3
09:30:25.333175000,P,AAPL,27,1,27.02,1
09:30:25.333467000,P,AAPL,26.96,3,27.01,1
09:30:25.334189000,T,AAPL,27,4,27.01,1
09:30:25.337714000,P,AAPL,26.96,1,27.01,2
09:30:25.341520000,Y,AAPL,26.98,1,27.01,3
09:30:25.344671000,N,AAPL,27,1,27.02,1
09:30:26.185703000,T,AAPL,27,3,27.01,2
09:30:26.599243000,T,AAPL,27,2,27.01,2
09:30:26.602585000,T,AAPL,27,3,27.01,2
09:30:27.859863000,T,AAPL,27,2,27.01,2
09:30:27.861066000,Y,AAPL,26.98,1,27.01,4
09:30:27.863605000,T,AAPL,26.99,2,27.01,2
09:30:27.863703000,K,AAPL,26.99,1,27,1
09:30:27.863797000,N,AAPL,26.99,3,27,1
09:30:27.863944000,N,AAPL,26.98,1,27,5
09:30:27.864110000,N,AAPL,26.98,1,27,6
09:30:27.868817000,N,AAPL,26.98,1,27,5
09:30:27.892991000,N,AAPL,26.98,1,27,2
09:30:27.894009000,N,AAPL,26.99,3,27,1
09:30:27.915990000,N,AAPL,26.98,5,27,1
09:30:27.927519000,N,AAPL,26.98,5,27,6
09:30:27.939011000,N,AAPL,26.98,5,27,4
09:30:28.363758000,T,AAPL,26.99,2,27,2
09:30:28.886827000,N,AAPL,26.99,3,27,2
09:30:28.886904000,Y,AAPL,26.97,1,27,1
09:30:28.886983000,T,AAPL,26.99,4,27.03,4
09:30:28.887000000,T,AAPL,26.99,5,27.03,4
09:30:28.887085000,T,AAPL,26.99,6,27.03,4
09:30:28.887305000,N,AAPL,26.99,3,27,1
09:30:28.891977000,T,AAPL,26.99,4,27.01,1
09:30:28.894951000,Z,AAPL,26.97,2,27,1
09:30:28.894985000,P,AAPL,27,2,27.01,2
09:30:28.895087000,Z,AAPL,26.97,2,27.02,2
09:30:28.920794000,N,AAPL,27,6,27.02,1
09:30:28.921036000,N,AAPL,27,3,27.02,3
09:30:28.921270000,P,AAPL,27,2,27.05,1
09:30:28.932290000,N,AAPL,27,3,27.02,4
09:30:28.932477000,N,AAPL,27,3,27.02,3
09:30:28.933340000,T,AAPL,27,3,27.05,3
09:30:28.935887000,N,AAPL,27,3,27.02,3
09:30:29.395572000,N,AAPL,27,3,27.02,2
09:30:29.395589000,T,AAPL,27,1,27.05,3
09:30:38.403897000,T,AAPL,26.99,2,27.01,1
09:30:38.403958000,T,AAPL,26.99,2,27.01,2
09:30:38.405588000,T,AAPL,26.99,2,27.01,1
09:30:38.405686000,T,AAPL,26.99,2,27.01,2
09:30:38.405713000,N,AAPL,27,2,27.02,4
09:30:38.405751000,T,AAPL,26.99,2,27.01,1
09:30:38.405926000,N,AAPL,27,3,27.02,3
09:30:38.412772000,N,AAPL,27,2,27.02,3
09:30:38.561704000,N,AAPL,27,4,27.02,2
09:30:38.584721000,N,AAPL,27,6,27.02,1
09:30:38.584832000,N,AAPL,27,5,27.02,1
09:30:38.595888000,N,AAPL,27,7,27.02,1
09:30:38.607909000,N,AAPL,27,6,27.02,1
09:30:39.723782000,N,AAPL,26.99,5,27.02,1
09:30:39.724233000,N,AAPL,26.99,3,27,1
09:30:39.724471000,Z,AAPL,26.99,2,27.04,2
09:30:39.724578000,N,AAPL,26.99,2,27,1
09:30:39.724657000,K,AAPL,26.98,1,27,1
09:30:39.724708000,T,AAPL,26.99,2,27,2
09:30:39.728385000,N,AAPL,26.99,2,27,4
09:30:39.729212000,N,AAPL,26.99,2,27,3
09:30:39.730846000,N,AAPL,26.99,2,27,94
09:30:39.731895000,N,AAPL,26.99,1,27,95
09:30:39.739184000,N,AAPL,26.99,1,27,98
09:30:39.750566000,N,AAPL,26.99,1,27,100
09:30:39.750642000,N,AAPL,26.99,1,27,98
09:30:39.761846000,N,AAPL,26.99,1,27,100
09:30:40.006090000,N,AAPL,26.99,1,27,28
09:30:40.006330000,N,AAPL,26.99,1,27,27
09:30:40.017888000,N,AAPL,26.99,2,27,27
09:30:40.224520000,N,AAPL,26.99,2,27,27
09:30:40.737880000,Z,AAPL,26.99,2,27.03,2
09:30:41.005123000,N,AAPL,26.99,1,27,28
09:30:41.005416000,T,AAPL,26.99,2,27,2
09:30:41.009354000,N,AAPL,26.98,2,27,29
09:30:41.009446000,N,AAPL,26.98,2,27,30
09:30:41.010240000,Z,AAPL,26.99,2,27.02,2
09:30:41.010289000,N,AAPL,26.98,2,27,29
09:30:41.013231000,N,AAPL,26.99,1,27,28
09:30:41.013541000,N,AAPL,26.99,1,27,27
09:30:41.156469000,N,AAPL,26.98,2,27,30
09:30:41.159760000,N,AAPL,26.98,2,27,31
09:30:41.160959000,N,AAPL,26.98,2,27,32
09:30:41.172702000,N,AAPL,26.98,2,27,33
09:30:41.173058000,N,AAPL,26.98,2,27,34
09:30:41.508963000,N,AAPL,26.98,2,27,33
09:30:41.509440000,N,AAPL,26.98,2,27,32
09:30:42.541187000,N,AAPL,26.98,2,26.99,5
09:30:42.542422000,N,AAPL,26.98,2,26.99,4
09:30:42.542519000,N,AAPL,26.98,2,26.99,5
09:30:42.542568000,T,AAPL,26.99,1,27.01,1
09:30:42.542678000,T,AAPL,26.98,2,27.01,1
09:30:42.542742000,N,AAPL,26.97,1,26.99,6
09:30:42.543052000,N,AAPL,26.97,1,26.99,5
09:30:42.543126000,T,AAPL,26.97,2,26.99,2
09:30:42.543229000,N,AAPL,26.97,1,26.99,6
09:30:42.543437000,Z,AAPL,26.97,1,26.99,1
09:30:42.543513000,K,AAPL,26.96,1,26.99,1
09:30:42.547544000,N,AAPL,26.97,1,26.99,5
09:30:42.547593000,Z,AAPL,26.97,1,27.01,2
09:30:42.547648000,N,AAPL,26.97,1,26.99,4
09:30:45.209042000,N,AAPL,26.97,2,27,33
09:30:45.216982000,P,AAPL,26.94,1,26.99,2
09:30:45.252312000,N,AAPL,26.97,2,26.99,2
09:30:46.338700000,N,AAPL,26.96,7,26.99,2
09:30:46.338993000,N,AAPL,26.96,6,26.98,1
09:30:46.339292000,N,AAPL,26.96,1,26.98,2
09:30:46.339317000,N,AAPL,26.96,1,26.98,3
09:30:46.344138000,N,AAPL,26.95,3,26.98,2
09:30:46.344556000,T,AAPL,26.95,2,26.99,1
09:30:46.926743000,N,AAPL,26.96,1,26.97,4
09:30:46.927982000,N,AAPL,26.95,3,26.97,5
09:30:46.928032000,Z,AAPL,26.96,2,27,4
09:30:46.928112000,N,AAPL,26.95,1,26.97,6
09:30:46.928264000,Z,AAPL,26.95,2,26.97,1
09:30:46.928343000,Z,AAPL,26.94,2,26.97,1
09:30:46.928441000,Z,AAPL,26.94,2,26.96,1
09:30:46.928590000,K,AAPL,26.94,3,26.97,1
09:30:46.929040000,K,AAPL,26.94,2,26.97,1
09:30:46.929137000,K,AAPL,26.93,3,26.97,1
09:30:46.937121000,N,AAPL,26.94,2,26.97,5
09:30:46.944815000,Z,AAPL,26.93,2,26.99,4
09:30:46.948204000,N,AAPL,26.94,3,26.97,5
09:30:46.960134000,N,AAPL,26.94,2,26.97,5
09:30:50.254852000,N,AAPL,26.93,5,26.95,1
09:30:50.265028000,N,AAPL,26.93,3,26.95,1
09:30:50.755078000,T,AAPL,26.88,2,26.95,1
09:30:50.755339000,N,AAPL,26.93,4,26.95,1
09:30:51.424227000,N,AAPL,26.93,4,26.95,1
09:30:51.424405000,N,AAPL,26.93,6,26.95,1
09:30:51.424505000,N,AAPL,26.93,4,26.95,1
09:30:51.424610000,V,AAPL,26.89,1,26.97,1
09:30:51.424903000,Z,AAPL,26.93,4,26.98,4
09:30:51.432827000,N,AAPL,26.93,1,26.95,1
09:30:51.444046000,N,AAPL,26.93,2,26.95,2
09:30:51.444343000,N,AAPL,26.93,5,26.95,2
09:30:51.455258000,N,AAPL,26.93,8,26.95,2
09:30:51.456136000,N,AAPL,26.94,1,26.95,2
09:30:51.456159000,K,AAPL,26.91,3,26.97,1
09:30:51.456419000,N,AAPL,26.94,2,26.96,3
09:30:51.456432000,N,AAPL,26.94,2,26.96,2
09:30:51.461294000,K,AAPL,26.94,1,26.97,1
09:30:51.461317000,N,AAPL,26.94,1,26.96,2
09:30:51.461395000,K,AAPL,26.92,1,26.97,1
09:30:51.464321000,N,AAPL,26.94,1,26.97,1
09:30:51.612447000,N,AAPL,26.94,3,26.97,1
09:30:53.814397000,Z,AAPL,26.97,4,26.99,2
09:30:53.815224000,Z,AAPL,26.97,3,26.99,2
09:30:53.815428000,Z,AAPL,26.97,2,26.99,2
09:30:53.815944000,Z,AAPL,26.97,1,27,2
09:30:53.825897000,N,AAPL,26.95,3,26.98,2
09:30:54.481748000,Z,AAPL,26.95,4,27,2
09:30:54.482163000,N,AAPL,26.95,1,26.98,3
09:30:54.482440000,Z,AAPL,26.94,4,26.99,4
09:31:01.089378000,N,AAPL,26.94,2,26.97,7
09:31:01.100729000,N,AAPL,26.94,2,26.97,4
09:31:01.100747000,N,AAPL,26.94,2,26.97,1
09:31:01.100760000,N,AAPL,26.94,2,26.97,2
09:31:01.100973000,N,AAPL,26.95,2,26.97,1
09:31:01.112140000,N,AAPL,26.95,4,26.97,1
09:31:01.112738000,N,AAPL,26.95,5,26.97,1
09:31:01.113099000,V,AAPL,26.91,1,26.99,1
09:31:02.687365000,N,AAPL,26.94,1,26.96,2
09:31:02.687552000,N,AAPL,26.94,1,26.96,3
09:31:02.687893000,Z,AAPL,26.93,2,26.95,1
09:31:02.688149000,Z,AAPL,26.93,2,26.94,1
09:31:02.688213000,P,AAPL,26.94,1,26.99,2
09:31:02.688249000,Z,AAPL,26.92,2,26.95,1
09:31:02.688355000,Z,AAPL,26.94,1,26.95,1
09:31:02.688404000,N,AAPL,26.94,1,26.95,1
09:31:02.688470000,Z,AAPL,26.94,2,26.95,1
09:31:02.688569000,N,AAPL,26.94,2,26.95,1
09:31:02.689439000,X,AAPL,26.94,3,26.96,1
09:31:02.693437000,Z,AAPL,26.94,1,26.95,1
09:31:02.693686000,X,AAPL,26.94,2,27.05,54
09:31:02.693901000,X,AAPL,26.87,212,27.05,54
09:31:02.736798000,N,AAPL,26.94,1,26.95,2
09:31:03.020740000,N,AAPL,26.93,4,26.95,3
09:31:03.020819000,N,AAPL,26.93,4,26.94,2
09:31:03.020843000,T,AAPL,26.89,2,26.96,1
09:31:03.021010000,N,AAPL,26.93,4,26.94,2
09:31:03.021038000,N,AAPL,26.93,3,26.94,2
09:31:03.021107000,N,AAPL,26.93,1,26.94,2
09:31:03.021156000,Z,AAPL,26.93,2,26.94,2
09:31:03.021213000,K,AAPL,26.93,2,26.94,2
09:31:03.021230000,Z,AAPL,26.93,2,26.94,3
09:31:03.021334000,K,AAPL,26.93,2,26.94,1
09:31:03.021361000,Z,AAPL,26.93,2,26.94,2
09:31:03.021469000,K,AAPL,26.93,1,26.94,1
09:31:03.022867000,P,AAPL,26.91,1,26.94,2
09:31:03.025932000,N,AAPL,26.93,1,26.94,1
09:31:03.026195000,Z,AAPL,26.92,2,26.94,1
09:31:03.026195000,N,AAPL,26.93,2,26.94,1
09:31:03.026352000,X,AAPL,26.87,212,27.05,54
09:31:03.111091000,N,AAPL,26.93,1,26.94,1
09:31:03.114623000,N,AAPL,26.92,3,26.94,1
09:31:03.521282000,N,AAPL,26.92,4,26.94,1
09:31:03.521329000,T,AAPL,26.89,2,27.01,2
09:31:05.807596000,N,AAPL,26.92,5,26.95,6
09:31:05.807656000,K,AAPL,26.92,1,27.05,10
09:31:05.807787000,Z,AAPL,26.92,2,26.96,4
09:31:05.807826000,N,AAPL,26.92,6,26.94,1
09:31:05.807957000,Z,AAPL,26.92,7,26.96,4
09:31:05.807973000,T,AAPL,26.89,2,27.01,2
09:31:05.813825000,N,AAPL,26.92,4,26.95,6
09:31:09.433815000,N,AAPL,26.93,3,26.95,3
09:31:09.433899000,N,AAPL,26.93,3,26.94,4
09:31:09.434221000,N,AAPL,26.93,3,26.94,1
09:31:09.434518000,N,AAPL,26.93,3,26.95,3
09:31:09.437227000,N,AAPL,26.94,1,26.95,3
09:31:09.440143000,Z,AAPL,26.92,4,26.97,4
09:31:09.440230000,K,AAPL,26.92,3,27,3
09:31:09.741894000,N,AAPL,26.94,1,26.96,6
09:31:09.741959000,P,AAPL,26.94,1,26.99,2
09:31:09.742085000,P,AAPL,26.94,2,26.99,2
09:31:09.742185000,N,AAPL,26.94,1,26.96,6
09:31:09.742322000,N,AAPL,26.94,2,26.96,5
09:31:09.742340000,P,AAPL,26.94,3,26.99,1
09:31:09.742560000,Z,AAPL,26.94,5,26.98,2
09:31:09.742904000,K,AAPL,26.94,3,26.95,1
09:31:09.746269000,Z,AAPL,26.94,4,26.98,2
09:31:09.747198000,Z,AAPL,26.94,3,26.98,2
09:31:09.751844000,P,AAPL,26.94,2,27,1
09:31:10.088709000,Z,AAPL,26.94,1,26.98,2
09:31:10.088734000,T,AAPL,26.93,1,27.01,2
09:31:10.088778000,N,AAPL,26.94,1,26.96,5
09:31:10.088791000,Z,AAPL,26.93,4,26.98,2
09:31:10.088876000,N,AAPL,26.93,9,26.96,5
09:31:10.114412000,N,AAPL,26.93,2,26.95,4
09:31:10.125023000,N,AAPL,26.93,2,26.95,5
09:31:11.070230000,N,AAPL,26.93,1,26.95,4
09:31:11.070974000,Z,AAPL,26.92,4,26.97,4
09:31:13.167075000,N,AAPL,26.92,4,26.95,4
09:31:17.703048000,N,AAPL,26.92,4,26.95,5
09:31:17.703098000,Z,AAPL,26.92,4,26.96,2
09:31:22.078371000,N,AAPL,26.93,1,26.95,1
09:31:22.078421000,T,AAPL,26.92,2,27.01,2
09:31:22.078474000,N,AAPL,26.93,2,26.95,1
09:31:22.078486000,K,AAPL,26.93,1,27,2
09:31:22.080178000,T,AAPL,26.93,2,26.95,1
09:31:22.080278000,T,AAPL,26.93,2,27.01,2
09:31:22.083639000,N,AAPL,26.94,1,26.97,1
09:31:22.083913000,N,AAPL,26.94,2,26.97,1
09:31:22.085979000,N,AAPL,26.94,5,26.97,1
09:31:22.086108000,N,AAPL,26.94,4,26.97,1
09:31:22.088401000,T,AAPL,26.93,1,26.97,1
09:31:22.096243000,N,AAPL,26.94,7,26.97,1
09:31:22.096489000,N,AAPL,26.94,8,26.97,1
09:31:22.109065000,N,AAPL,26.94,6,26.97,1
09:31:22.109212000,N,AAPL,26.94,8,26.97,1
09:31:22.109931000,T,AAPL,26.94,1,26.97,1
09:31:22.132201000,N,AAPL,26.94,7,26.97,1
09:31:22.179091000,T,AAPL,26.94,1,26.97,1
09:31:23.448570000,N,AAPL,26.94,6,26.97,1
09:31:24.116772000,N,AAPL,26.94,4,26.97,1
09:31:24.116868000,N,AAPL,26.94,5,26.97,1
09:31:24.127766000,N,AAPL,26.94,6,26.97,1
09:31:28.896648000,N,AAPL,26.94,6,26.97,1
09:31:28.896757000,N,AAPL,26.95,1,26.97,1
09:31:28.897170000,N,AAPL,26.95,5,26.97,1
09:31:28.897186000,N,AAPL,26.95,6,26.97,1
09:31:28.897245000,N,AAPL,26.96,1,26.97,1
09:31:28.897261000,T,AAPL,26.94,2,27,2
09:31:28.897353000,T,AAPL,26.96,2,27,2
09:31:28.897491000,T,AAPL,26.96,3,27,2
09:31:28.897647000,V,AAPL,26.93,1,26.99,1
09:31:28.898789000,N,AAPL,26.96,1,26.98,1
09:31:28.899024000,T,AAPL,26.97,1,26.98,1
09:31:28.899024000,T,AAPL,26.97,2,26.98,1
09:31:28.907348000,T,AAPL,26.97,1,26.98,1
09:31:28.907439000,N,AAPL,26.96,3,26.98,1
09:31:28.907540000,N,AAPL,26.96,3,26.98,4
09:31:28.917012000,N,AAPL,26.96,4,26.98,7
09:31:28.929111000,N,AAPL,26.95,4,26.98,4
09:31:28.929204000,N,AAPL,26.95,4,26.98,1
09:31:28.929294000,N,AAPL,26.95,4,26.98,2
09:31:31.182150000,N,AAPL,26.95,4,26.97,1
09:31:31.182242000,T,AAPL,26.92,2,26.98,1
09:31:31.182259000,N,AAPL,26.95,3,26.97,1
09:31:31.182281000,N,AAPL,26.95,3,26.97,2
09:31:31.182391000,N,AAPL,26.95,1,26.97,3
09:31:31.182462000,T,AAPL,26.92,2,26.97,4
09:31:31.182487000,K,AAPL,26.96,1,26.97,1
09:31:31.182590000,K,AAPL,26.95,1,26.97,1
09:31:31.183045000,K,AAPL,26.94,1,26.97,1
09:31:31.212186000,N,AAPL,26.94,1,26.96,1
09:31:31.212322000,N,AAPL,26.94,1,26.96,1
09:31:31.212435000,N,AAPL,26.94,1,26.96,2
09:31:31.212953000,Y,AAPL,26.93,3,26.98,1
09:31:31.246372000,N,AAPL,26.95,5,26.97,2
09:31:31.258155000,N,AAPL,26.95,4,26.97,2
09:31:31.281427000,N,AAPL,26.95,2,26.97,3
09:31:31.281524000,N,AAPL,26.95,1,26.97,3
09:31:31.281815000,N,AAPL,26.94,3,26.97,3
09:31:31.315644000,N,AAPL,26.94,5,26.97,3
09:31:31.528528000,T,AAPL,26.92,2,26.97,2
09:31:32.510827000,N,AAPL,26.94,3,26.97,3
09:31:35.375516000,N,AAPL,26.94,4,26.97,2
09:31:35.375577000,N,AAPL,26.94,5,26.97,2
09:31:35.375644000,T,AAPL,26.92,3,26.97,1
09:31:35.375697000,N,AAPL,26.95,1,26.98,4
09:31:35.375731000,Z,AAPL,26.95,2,26.99,2
09:31:35.375795000,N,AAPL,26.95,5,26.98,2
09:31:35.375998000,N,AAPL,26.95,6,26.98,1
09:31:35.376013000,N,AAPL,26.96,1,26.98,1
09:31:35.376027000,V,AAPL,26.93,1,26.99,1
09:31:35.376215000,N,AAPL,26.96,2,26.98,1
09:31:35.378732000,N,AAPL,26.96,4,26.98,1
09:31:35.378912000,N,AAPL,26.96,3,26.98,1
09:31:35.389597000,N,AAPL,26.96,5,26.98,1
09:31:35.396537000,N,AAPL,26.96,6,26.98,1
09:31:35.396642000,N,AAPL,26.96,7,26.98,1
09:31:35.396717000,T,AAPL,26.92,3,27,2
09:31:35.396746000,N,AAPL,26.96,7,26.99,2
09:31:35.396779000,Z,AAPL,26.96,1,26.99,2
09:31:35.396842000,N,AAPL,26.96,5,26.99,2
09:31:35.396948000,N,AAPL,26.97,2,26.99,2
09:31:35.397405000,N,AAPL,26.97,2,26.99,2
09:31:35.397417000,T,AAPL,26.97,1,27,2
09:31:35.401441000,N,AAPL,26.97,5,26.98,1
09:31:35.401735000,N,AAPL,26.97,4,26.99,1
09:31:35.401919000,N,AAPL,26.97,5,26.99,1
09:31:35.402392000,N,AAPL,26.97,4,26.98,1
09:31:35.412457000,N,AAPL,26.97,7,26.98,1
09:31:35.424756000,N,AAPL,26.97,4,26.99,3
09:31:35.477156000,N,AAPL,26.97,3,26.98,1
09:31:35.749566000,N,AAPL,26.96,2,26.98,2
09:31:35.750677000,T,AAPL,26.92,3,26.97,1
09:31:35.750756000,N,AAPL,26.96,2,26.98,4
09:31:35.750970000,N,AAPL,26.96,1,26.98,4
09:31:35.751176000,N,AAPL,26.95,9,26.98,4
09:31:35.751368000,N,AAPL,26.95,7,26.98,4
09:31:35.773339000,N,AAPL,26.95,5,26.98,3
09:31:36.291101000,N,AAPL,26.95,4,26.98,3
09:31:36.310431000,Z,AAPL,26.95,2,26.99,4
09:31:36.310564000,N,AAPL,26.95,2,26.98,3
09:31:36.314362000,N,AAPL,26.95,3,26.97,1
09:31:36.325244000,N,AAPL,26.95,4,26.97,1
09:31:36.338442000,N,AAPL,26.95,3,26.97,1
09:31:36.624601000,N,AAPL,26.94,3,26.95,1
09:31:36.624628000,K,AAPL,26.94,2,26.96,1
09:31:36.624653000,Z,AAPL,26.93,2,26.95,1
09:31:36.629404000,N,AAPL,26.94,4,26.95,1
09:31:36.659204000,N,AAPL,26.94,1,26.95,1
09:31:37.132339000,N,AAPL,26.94,1,26.95,2
09:31:37.132437000,N,AAPL,26.93,8,26.95,2
09:31:37.132804000,N,AAPL,26.93,6,26.95,3
09:31:37.132870000,N,AAPL,26.93,6,26.95,4
09:31:37.133061000,K,AAPL,26.93,1,26.95,1
09:31:37.133217000,Z,AAPL,26.92,5,26.94,1
09:31:37.137479000,N,AAPL,26.93,4,26.94,1
09:31:37.144908000,N,AAPL,26.93,3,26.94,1
09:31:37.145585000,Z,AAPL,26.92,5,26.95,1
09:31:37.256293000,N,AAPL,26.93,2,26.94,1
09:31:37.261107000,N,AAPL,26.92,3,26.94,1
09:31:37.261700000,Z,AAPL,26.92,5,26.96,4
09:31:37.272460000,N,AAPL,26.92,7,26.94,1
09:31:37.283874000,N,AAPL,26.92,6,26.94,1
09:31:37.493798000,T,AAPL,26.92,2,26.94,1
09:31:37.511214000,N,AAPL,26.92,5,26.94,1
09:31:37.621920000,N,AAPL,26.92,8,26.94,1
09:31:39.611183000,T,AAPL,26.92,1,26.94,1
09:31:39.898076000,N,AAPL,26.92,8,26.95,2
09:31:39.898319000,N,AAPL,26.92,6,26.95,2
09:31:39.898381000,N,AAPL,26.92,8,26.95,2
09:31:39.898481000,N,AAPL,26.92,7,26.95,2
09:31:39.898580000,N,AAPL,26.92,5,26.95,2
09:31:39.904886000,N,AAPL,26.92,6,26.95,2
09:31:39.915802000,N,AAPL,26.92,7,26.95,2
09:31:39.927223000,N,AAPL,26.92,6,26.95,2
09:31:40.159701000,N,AAPL,26.92,8,26.95,2
09:31:41.501494000,N,AAPL,26.92,6,26.95,2
09:31:43.473218000,N,AAPL,26.92,8,26.95,2
09:31:43.473402000,N,AAPL,26.93,1,26.95,2
09:31:43.473528000,N,AAPL,26.93,1,26.95,1
09:31:43.473604000,P,AAPL,26.93,2,26.97,1
09:31:43.473767000,T,AAPL,26.91,1,26.99,3
09:31:43.473836000,P,AAPL,26.93,3,26.98,3
09:31:43.473948000,Z,AAPL,26.93,4,26.96,2
09:31:43.474070000,Z,AAPL,26.93,6,26.97,2
09:31:43.474147000,N,AAPL,26.94,1,26.96,2
09:31:43.474212000,V,AAPL,26.91,1,26.97,1
09:31:43.474524000,N,AAPL,26.94,1,26.97,5
09:31:43.476107000,N,AAPL,26.94,1,26.97,4
09:31:43.476253000,T,AAPL,26.94,1,26.99,4
09:31:43.476702000,J,AAPL,26.89,4,26.95,1
09:31:43.476848000,N,AAPL,26.94,2,26.97,4
09:31:43.476921000,N,AAPL,26.94,1,26.97,6
09:31:43.482633000,N,AAPL,26.94,4,26.97,6
09:31:43.505517000,N,AAPL,26.94,1,26.97,6
09:31:43.505623000,N,AAPL,26.94,3,26.97,6
09:31:43.505722000,N,AAPL,26.94,2,26.97,6
09:31:43.505919000,N,AAPL,26.93,8,26.97,6
09:31:43.506022000,N,AAPL,26.93,10,26.97,6
09:31:43.515941000,N,AAPL,26.93,12,26.97,6
09:31:43.528179000,N,AAPL,26.93,10,26.97,6
09:31:43.528290000,N,AAPL,26.93,8,26.97,6
09:31:46.455706000,N,AAPL,26.93,7,26.96,1
09:31:46.455734000,P,AAPL,26.94,1,26.97,2
09:31:46.455883000,N,AAPL,26.94,6,26.96,1
09:31:46.455984000,N,AAPL,26.94,7,26.96,1
09:31:46.456120000,N,AAPL,26.94,8,26.96,1
09:31:46.456474000,V,AAPL,26.92,1,26.97,1
09:31:46.456753000,T,AAPL,26.94,1,26.95,1
09:31:46.460951000,N,AAPL,26.94,7,26.97,6
09:31:46.465042000,N,AAPL,26.94,5,26.96,1
09:31:46.482768000,N,AAPL,26.95,1,26.96,1
09:31:46.482857000,T,AAPL,26.94,1,27,2
09:31:46.484211000,N,AAPL,26.95,3,26.97,5
09:31:46.484561000,T,AAPL,26.95,2,27,2
09:31:46.485108000,N,AAPL,26.95,2,26.97,5
09:31:46.485208000,N,AAPL,26.95,2,26.97,3
09:31:46.485289000,N,AAPL,26.95,2,26.97,1
09:31:46.485306000,P,AAPL,26.92,1,26.98,1
09:31:46.485907000,N,AAPL,26.95,3,26.97,1
09:31:46.486159000,N,AAPL,26.95,4,26.97,1
09:31:46.486478000,V,AAPL,26.93,1,26.98,1
09:31:46.546336000,N,AAPL,26.95,6,26.98,1
09:31:46.546436000,N,AAPL,26.95,4,26.98,1
09:31:46.546457000,N,AAPL,26.95,4,26.98,2
09:31:46.829248000,N,AAPL,26.95,4,26.97,1
09:31:46.829328000,N,AAPL,26.95,4,26.97,2
09:31:47.842560000,N,AAPL,26.95,3,26.97,3
09:31:47.843127000,Z,AAPL,26.95,2,26.99,4
09:31:47.843205000,N,AAPL,26.95,2,26.97,3
09:31:47.843250000,Z,AAPL,26.94,5,26.99,4
09:31:47.843409000,N,AAPL,26.94,5,26.97,3
09:31:47.852693000,N,AAPL,26.94,4,26.97,4
09:31:47.864925000,N,AAPL,26.94,4,26.97,3
09:31:50.922291000,P,AAPL,26.93,2,26.97,4
09:31:51.534442000,N,AAPL,26.94,5,26.97,3
09:31:51.534507000,N,AAPL,26.94,3,26.97,3
09:31:51.534821000,N,AAPL,26.94,1,26.96,6
09:31:51.534999000,N,AAPL,26.94,1,26.96,7
09:31:51.535284000,Z,AAPL,26.93,4,26.98,2
09:31:51.535335000,N,AAPL,26.93,4,26.95,1
09:31:51.535400000,Z,AAPL,26.93,4,26.97,2
09:31:51.535532000,N,AAPL,26.93,2,26.95,1
09:31:51.535616000,N,AAPL,26.93,2,26.95,2
09:31:51.536184000,Z,AAPL,26.93,2,26.97,5
09:31:51.536233000,N,AAPL,26.93,1,26.95,2
09:31:51.536280000,Z,AAPL,26.92,4,26.97,5
09:31:52.010014000,N,AAPL,26.93,4,26.95,1
09:31:52.010135000,N,AAPL,26.93,6,26.95,1
09:31:52.010581000,V,AAPL,26.91,1,26.96,1
09:31:52.918259000,N,AAPL,26.93,4,26.95,1
09:31:52.918372000,N,AAPL,26.93,5,26.95,1
09:31:52.941909000,N,AAPL,26.93,7,26.95,1
09:31:52.942089000,N,AAPL,26.94,3,26.95,1
09:31:52.942314000,N,AAPL,26.94,4,26.95,1
09:31:52.953000000,N,AAPL,26.94,7,26.95,1
09:31:52.965136000,N,AAPL,26.94,4,26.95,1
09:31:52.965478000,N,AAPL,26.94,1,26.95,1
09:31:56.506479000,N,AAPL,26.94,3,26.95,1
09:31:56.994641000,N,AAPL,26.94,4,26.95,1
09:31:57.005875000,N,AAPL,26.94,2,26.95,1
09:31:57.555376000,N,AAPL,26.94,4,26.95,1
09:31:57.555786000,N,AAPL,26.94,6,26.96,1
09:31:57.556021000,N,AAPL,26.94,7,26.96,1
09:31:57.557821000,N,AAPL,26.94,5,26.96,1
09:31:59.400542000,P,AAPL,26.93,2,26.95,1
09:31:59.400661000,N,AAPL,26.94,4,26.96,2
09:31:59.400833000,N,AAPL,26.94,3,26.96,2
09:31:59.400914000,N,AAPL,26.94,2,26.96,2
09:32:00.464439000,N,AAPL,26.93,2,26.95,3
09:32:00.464456000,N,AAPL,26.93,2,26.95,4
09:32:00.464480000,K,AAPL,26.93,1,27.01,2
09:32:00.464561000,N,AAPL,26.93,1,26.95,5
09:32:00.464592000,Z,AAPL,26.93,2,26.95,2
09:32:00.465022000,N,AAPL,26.92,5,26.94,3
09:32:00.465089000,N,AAPL,26.92,5,26.94,2
09:32:00.465108000,N,AAPL,26.92,5,26.94,3
09:32:00.465320000,N,AAPL,26.92,5,26.94,4
09:32:00.465394000,K,AAPL,26.92,3,26.94,1
09:32:00.465430000,N,AAPL,26.92,3,26.94,3
09:32:00.465538000,N,AAPL,26.92,3,26.94,4
09:32:00.465639000,N,AAPL,26.92,3,26.94,3
09:32:00.465760000,Z,AAPL,26.92,4,26.94,4
09:32:00.466183000,N,AAPL,26.92,3,26.93,1
09:32:00.466440000,Z,AAPL,26.92,2,26.94,4
09:32:00.540897000,N,AAPL,26.92,1,26.93,1
09:32:00.541624000,N,AAPL,26.91,9,26.93,1
09:32:00.541689000,P,AAPL,26.9,5,26.93,1
09:32:00.547807000,N,AAPL,26.91,8,26.93,1
09:32:00.547906000,N,AAPL,26.91,6,26.93,1
09:32:00.570234000,N,AAPL,26.91,3,26.93,1
09:32:00.570317000,N,AAPL,26.91,4,26.93,1
09:32:00.570979000,N,AAPL,26.91,2,26.93,1
09:32:00.571537000,Z,AAPL,26.9,5,26.95,5
09:32:01.713781000,N,AAPL,26.9,4,26.92,1
09:32:01.714076000,N,AAPL,26.9,10,26.92,1
09:32:01.724006000,N,AAPL,26.9,8,26.92,1
09:32:01.746168000,N,AAPL,26.9,5,26.92,1
09:32:01.746256000,N,AAPL,26.9,8,26.92,1
09:32:01.757100000,N,AAPL,26.9,11,26.92,1
09:32:01.769275000,N,AAPL,26.9,9,26.92,1
09:32:02.873423000,N,AAPL,26.9,8,26.92,1
09:32:02.970774000,N,AAPL,26.9,12,26.92,1
09:32:03.680098000,T,AAPL,26.9,1,26.92,1
09:32:06.930959000,N,AAPL,26.89,5,26.92,1
09:32:06.931256000,N,AAPL,26.89,4,26.91,1
09:32:06.931287000,N,AAPL,26.89,2,26.91,2
09:32:06.931815000,N,AAPL,26.89,2,26.91,3
09:32:06.931846000,Z,AAPL,26.9,1,26.91,1
09:32:06.931858000,Z,AAPL,26.9,3,26.91,1
09:32:06.931868000,Z,AAPL,26.9,1,26.91,1
09:32:06.931882000,Z,AAPL,26.9,3,26.91,1
09:32:06.932309000,Z,AAPL,26.9,1,26.91,1
09:32:06.932327000,N,AAPL,26.89,2,26.91,4
09:32:06.932344000,N,AAPL,26.89,2,26.91,5
09:32:06.932457000,N,AAPL,26.89,4,26.91,4
09:32:06.936213000,K,AAPL,26.9,1,26.99,6
09:32:06.936236000,N,AAPL,26.89,4,26.91,3
09:32:06.936278000,Z,AAPL,26.9,1,26.92,1
09:32:06.936308000,K,AAPL,26.9,1,26.99,4
09:32:06.945430000,Z,AAPL,26.89,4,26.92,1
09:32:06.945448000,K,AAPL,26.89,3,26.99,4
09:32:06.945460000,N,AAPL,26.89,4,26.91,4
09:32:06.945539000,N,AAPL,26.89,4,26.9,3
09:32:06.945620000,N,AAPL,26.89,4,26.9,2
09:32:06.945723000,N,AAPL,26.89,4,26.9,3
09:32:06.945757000,N,AAPL,26.89,2,26.9,4
09:32:06.945826000,T,AAPL,26.89,7,26.91,3
09:32:06.945868000,N,AAPL,26.89,2,26.9,3
09:32:06.945880000,P,AAPL,26.89,5,26.9,1
09:32:06.945894000,N,AAPL,26.89,2,26.9,2
09:32:06.946225000,T,AAPL,26.89,5,26.9,3
09:32:06.946342000,P,AAPL,26.89,6,26.91,1
09:32:06.946863000,T,AAPL,26.89,5,26.9,2
09:32:06.946975000,T,AAPL,26.89,5,26.9,1
09:32:06.947052000,V,AAPL,26.86,1,26.91,1
09:32:06.947082000,T,AAPL,26.89,8,26.91,2
09:32:06.947082000,T,AAPL,26.9,1,26.91,2
09:32:06.947211000,T,AAPL,26.9,2,26.91,2
09:32:06.948254000,N,AAPL,26.89,2,26.91,2
09:32:06.948430000,T,AAPL,26.9,1,26.91,2
09:32:06.949537000,P,AAPL,26.9,1,26.91,1
09:32:06.949537000,P,AAPL,26.89,5,26.91,1
09:32:06.949742000,P,AAPL,26.89,5,26.9,1
09:32:06.950424000,T,AAPL,26.89,5,26.9,1
09:32:06.964415000,P,AAPL,26.89,5,26.91,1
09:32:06.964566000,P,AAPL,26.89,6,26.91,1
09:32:06.964833000,N,AAPL,26.89,12,26.91,1
09:32:06.964977000,N,AAPL,26.89,13,26.91,1
09:32:06.965130000,N,AAPL,26.89,14,26.91,1
09:32:06.965149000,P,AAPL,26.9,2,26.91,1
09:32:06.965221000,N,AAPL,26.9,10,26.91,1
09:32:06.965387000,N,AAPL,26.9,11,26.91,1
09:32:06.965448000,T,AAPL,26.89,7,26.91,2
09:32:06.965492000,N,AAPL,26.9,10,26.91,1
09:32:06.966151000,T,AAPL,26.9,2,26.91,3
09:32:06.970292000,N,AAPL,26.9,9,26.91,1
09:32:06.970469000,N,AAPL,26.9,8,26.91,1
09:32:06.970895000,T,AAPL,26.89,6,26.91,2
09:32:06.987549000,N,AAPL,26.9,3,26.91,1
09:32:07.010060000,N,AAPL,26.9,4,26.91,2
09:32:07.021308000,N,AAPL,26.9,5,26.91,2
09:32:07.033094000,N,AAPL,26.9,4,26.91,2
09:32:07.033190000,N,AAPL,26.9,3,26.91,2
09:32:07.239419000,N,AAPL,26.9,1,26.91,2
09:32:07.239493000,N,AAPL,26.89,8,26.91,2
09:32:07.239576000,P,AAPL,26.89,7,26.9,1
09:32:07.239835000,N,AAPL,26.89,6,26.91,2
09:32:07.240358000,P,AAPL,26.89,7,26.91,2
09:32:07.240518000,P,AAPL,26.9,1,26.91,2
09:32:07.240613000,P,AAPL,26.9,3,26.91,2
09:32:07.241033000,P,AAPL,26.9,5,26.91,2
09:32:07.241714000,T,AAPL,26.9,5,26.91,3
09:32:07.242626000,P,AAPL,26.9,3,26.91,2
09:32:07.242738000,T,AAPL,26.9,3,26.91,3
09:32:07.245971000,Z,AAPL,26.9,2,26.91,1
09:32:07.263452000,P,AAPL,26.9,1,26.91,2
09:32:07.277460000,T,AAPL,26.9,2,26.91,2
09:32:07.300320000,T,AAPL,26.9,3,26.91,2
09:32:07.300402000,T,AAPL,26.9,4,26.91,2
09:32:07.587401000,T,AAPL,26.9,3,26.91,2
09:32:07.840529000,N,AAPL,26.9,5,26.91,1
09:32:08.568643000,N,AAPL,26.9,6,26.91,1
09:32:08.568826000,N,AAPL,26.9,7,26.91,1
09:32:09.532862000,P,AAPL,26.9,1,26.91,2
09:32:11.415797000,T,AAPL,26.9,3,26.91,1
09:32:11.900569000,N,AAPL,26.9,1,26.92,2
09:32:11.929903000,N,AAPL,26.89,2,26.91,3
09:32:13.952554000,N,AAPL,26.89,3,26.91,2
09:32:18.919045000,N,AAPL,26.89,3,26.91,3
09:32:18.919128000,N,AAPL,26.89,3,26.91,4
09:32:18.919146000,T,AAPL,26.9,2,26.91,2
09:32:18.919221000,T,AAPL,26.9,1,26.91,2
09:32:18.919280000,N,AAPL,26.89,3,26.91,5
09:32:18.919313000,T,AAPL,26.89,7,26.91,2
09:32:18.919329000,Z,AAPL,26.9,2,26.91,2
09:32:18.919432000,P,AAPL,26.89,5,26.9,3
09:32:18.919701000,Z,AAPL,26.89,4,26.91,2
09:32:18.919739000,P,AAPL,26.89,5,26.9,4
09:32:18.919928000,N,AAPL,26.88,17,26.9,7
09:32:18.920015000,T,AAPL,26.89,10,26.91,5
09:32:18.920113000,N,AAPL,26.88,17,26.9,6
09:32:18.920146000,T,AAPL,26.89,9,26.91,4
09:32:18.920329000,T,AAPL,26.89,8,26.9,4
09:32:18.920506000,T,AAPL,26.89,6,26.9,4
09:32:18.921663000,T,AAPL,26.89,5,26.9,4
09:32:18.921663000,P,AAPL,26.89,5,26.9,2
09:32:18.921663000,T,AAPL,26.89,5,26.9,2
09:32:18.924951000,N,AAPL,26.89,1,26.9,5
09:32:18.926164000,N,AAPL,26.89,2,26.9,4
09:32:18.926393000,N,AAPL,26.89,2,26.9,3
09:32:18.927293000,P,AAPL,26.89,5,26.9,3
09:32:18.929367000,T,AAPL,26.89,5,26.9,2
09:32:18.935063000,N,AAPL,26.89,2,26.9,2
09:32:18.986084000,T,AAPL,26.89,6,26.9,2
09:32:19.111045000,P,AAPL,26.89,5,26.9,2
09:32:19.163670000,T,AAPL,26.89,6,26.9,1
09:32:19.311778000,P,AAPL,26.89,5,26.9,3
09:32:19.320332000,T,AAPL,26.89,5,26.9,1
09:32:19.634210000,P,AAPL,26.89,5,26.9,4
09:32:19.634352000,P,AAPL,26.88,110,26.9,5
09:32:19.634472000,P,AAPL,26.88,110,26.9,6
09:32:19.634580000,T,AAPL,26.88,2,26.9,1
09:32:19.634616000,P,AAPL,26.88,108,26.89,4
09:32:19.634676000,X,AAPL,26.83,119,26.99,41
09:32:19.635558000,P,AAPL,26.88,108,26.89,3
09:32:19.637299000,T,AAPL,26.88,5,26.89,5
09:32:19.637299000,T,AAPL,26.88,5,26.89,4
09:32:19.639022000,T,AAPL,26.88,4,26.89,3
09:32:19.639022000,N,AAPL,26.88,13,26.89,3
09:32:19.645052000,T,AAPL,26.88,4,26.89,2
09:32:19.645134000,T,AAPL,26.88,4,26.89,1
09:32:19.676891000,P,AAPL,26.88,107,26.9,3
09:32:19.677316000,T,AAPL,26.88,1,26.89,1
09:32:19.935610000,P,AAPL,26.88,108,26.9,3
09:32:19.977723000,N,AAPL,26.88,17,26.89,1
09:32:20.044614000,P,AAPL,26.88,103,26.9,3
09:32:20.045298000,N,AAPL,26.88,12,26.89,2
09:32:20.049776000,N,AAPL,26.88,13,26.89,2
09:32:20.119480000,P,AAPL,26.88,106,26.91,1
09:32:20.119753000,P,AAPL,26.88,109,26.91,1
09:32:20.122052000,P,AAPL,26.88,108,26.91,1
09:32:20.129574000,P,AAPL,26.88,106,26.91,1
09:32:20.129798000,P,AAPL,26.88,103,26.91,1
09:32:20.220229000,K,AAPL,26.87,3,26.89,3
09:32:20.231023000,P,AAPL,26.87,5,26.91,3
09:32:20.231093000,N,AAPL,26.88,2,26.89,2
09:32:20.231499000,N,AAPL,26.86,3,26.89,4
09:32:20.231652000,N,AAPL,26.86,2,26.89,5
09:32:20.231757000,N,AAPL,26.86,2,26.89,7
09:32:20.231852000,T,AAPL,26.87,2,26.89,1
09:32:20.231870000,N,AAPL,26.86,3,26.88,4
09:32:20.231983000,N,AAPL,26.86,3,26.88,5
09:32:20.232097000,N,AAPL,26.86,3,26.88,6
09:32:20.232304000,N,AAPL,26.86,1,26.88,4
09:32:20.232340000,N,AAPL,26.86,1,26.88,6
09:32:20.232395000,T,AAPL,26.87,2,26.88,7
09:32:20.232484000,T,AAPL,26.87,2,26.88,8
09:32:20.232499000,T,AAPL,26.87,2,26.88,9
09:32:20.232512000,T,AAPL,26.87,2,26.88,10
09:32:20.232627000,T,AAPL,26.87,2,26.88,13
09:32:20.232668000,T,AAPL,26.87,2,26.88,10
09:32:20.232681000,K,AAPL,26.79,4,26.88,3
09:32:20.233069000,T,AAPL,26.86,2,26.88,10
09:32:20.233069000,P,AAPL,26.86,2,26.88,2
09:32:20.233105000,T,AAPL,26.85,4,26.88,10
09:32:20.233105000,T,AAPL,26.85,4,26.88,11
09:32:20.233183000,T,AAPL,26.85,2,26.88,13
09:32:20.233288000,P,AAPL,26.85,2,26.88,2
09:32:20.233288000,P,AAPL,26.85,2,26.87,31
09:32:20.233481000,P,AAPL,26.84,4,26.87,32
09:32:20.233537000,N,AAPL,26.85,6,26.88,8
09:32:20.233604000,Y,AAPL,26.85,32,26.88,1
09:32:20.233604000,Y,AAPL,26.85,31,26.88,1
09:32:20.233676000,N,AAPL,26.86,1,26.88,8
09:32:20.233845000,N,AAPL,26.85,6,26.87,1
09:32:20.234258000,B,AAPL,26.8,52,26.86,1
09:32:20.235102000,B,AAPL,26.8,52,26.86,1
09:32:20.257940000,Y,AAPL,26.85,30,26.88,2
09:32:20.258064000,Y,AAPL,26.85,12,26.88,2
09:32:20.259542000,T,AAPL,26.85,3,26.86,1
09:32:20.304460000,Y,AAPL,26.85,11,26.88,1
09:32:20.452102000,Y,AAPL,26.84,2,26.88,2
09:32:20.452166000,N,AAPL,26.85,1,26.87,2
09:32:20.452235000,N,AAPL,26.85,1,26.86,2
09:32:20.453490000,N,AAPL,26.85,1,26.86,3
09:32:20.456075000,N,AAPL,26.85,1,26.86,1
09:32:20.473391000,T,AAPL,26.85,1,26.86,1
09:32:20.473409000,N,AAPL,26.84,2,26.85,1
09:32:20.473487000,T,AAPL,26.84,1,26.86,1
09:32:20.474348000,N,AAPL,26.84,1,26.85,1
09:32:20.474411000,T,AAPL,26.82,1,26.85,2
09:32:20.474524000,T,AAPL,26.82,1,26.85,3
09:32:20.474553000,T,AAPL,26.82,1,26.85,4
09:32:20.474941000,N,AAPL,26.83,4,26.85,2
09:32:20.475751000,T,AAPL,26.82,1,26.84,1
09:32:21.309941000,X,AAPL,25.11,1,26.99,41
09:32:21.645079000,N,AAPL,26.83,3,26.86,3
09:32:21.645269000,T,AAPL,26.82,1,26.85,3
09:32:21.645286000,N,AAPL,26.83,5,26.86,1
09:32:21.645681000,N,AAPL,26.83,5,26.86,1
09:32:21.645789000,N,AAPL,26.84,1,26.86,1
09:32:21.645908000,N,AAPL,26.84,5,26.86,1
09:32:21.648906000,N,AAPL,26.84,1,26.86,1
09:32:21.649274000,N,AAPL,26.84,3,26.86,1
09:32:21.650274000,N,AAPL,26.84,4,26.86,1
09:32:21.650322000,T,AAPL,26.8,16,26.85,1
09:32:21.650401000,T,AAPL,26.8,16,26.86,2
09:32:21.651120000,N,AAPL,26.85,3,26.86,1
09:32:21.651367000,N,AAPL,26.85,5,26.86,1
09:32:21.659188000,N,AAPL,26.85,10,26.87,9
09:32:21.659365000,N,AAPL,26.85,11,26.87,9
09:32:21.659965000,N,AAPL,26.85,12,26.87,7
09:32:21.659983000,B,AAPL,26.83,10,26.88,10
09:32:21.671462000,N,AAPL,26.85,1,26.87,4
09:32:21.671479000,N,AAPL,26.85,1,26.87,1
09:32:21.671692000,N,AAPL,26.84,1,26.87,2
09:32:21.671807000,N,AAPL,26.84,1,26.86,1
09:32:21.671933000,N,AAPL,26.84,1,26.86,2
09:32:21.672122000,V,AAPL,26.84,1,26.88,1
09:32:21.672522000,K,AAPL,26.84,1,26.88,1
09:32:21.672754000,N,AAPL,26.83,9,26.86,2
09:32:21.672983000,N,AAPL,26.83,9,26.85,1
09:32:21.673387000,N,AAPL,26.83,6,26.86,3
09:32:21.673478000,N,AAPL,26.83,6,26.86,2
09:32:21.673579000,N,AAPL,26.83,6,26.86,1
09:32:21.673828000,N,AAPL,26.84,1,26.87,2
09:32:21.689636000,Z,AAPL,26.84,5,26.88,3
09:32:21.741157000,B,AAPL,26.84,9,26.89,1
09:32:21.741342000,N,AAPL,26.84,5,26.88,12
09:32:21.741456000,N,AAPL,26.84,5,26.88,11
09:32:21.763869000,N,AAPL,26.84,5,26.88,12
09:32:21.774499000,N,AAPL,26.84,5,26.88,13
09:32:21.775350000,B,AAPL,26.71,4,26.89,1
09:32:21.784012000,N,AAPL,26.84,5,26.88,14
09:32:21.859474000,Z,AAPL,26.84,5,26.89,2
09:32:21.974709000,B,AAPL,26.85,12,26.91,10
09:32:21.975095000,N,AAPL,26.85,6,26.88,11
09:32:21.983988000,N,AAPL,26.85,6,26.88,10
09:32:21.986255000,N,AAPL,26.85,6,26.88,9
09:32:22.289465000,N,AAPL,26.85,6,26.88,10
09:32:22.289984000,B,AAPL,26.79,4,26.91,10
09:32:22.317554000,N,AAPL,26.85,4,26.88,12
09:32:22.317602000,Z,AAPL,26.85,4,26.88,1
09:32:22.340950000,Z,AAPL,26.85,5,26.88,4
09:32:22.351740000,N,AAPL,26.85,3,26.88,14
09:32:22.351991000,N,AAPL,26.85,3,26.88,15
09:32:22.363302000,N,AAPL,26.85,3,26.88,14
09:32:23.476233000,N,AAPL,26.85,3,26.88,7
09:32:24.310924000,N,AAPL,26.85,5,26.88,6
09:32:24.310977000,Z,AAPL,26.85,5,26.89,2
09:32:24.311023000,N,AAPL,26.85,5,26.88,4
09:32:24.311148000,N,AAPL,26.85,6,26.88,2
09:32:24.311193000,B,AAPL,26.85,9,26.91,10
09:32:24.316977000,N,AAPL,26.85,8,26.88,3
09:32:24.327286000,B,AAPL,26.79,4,26.91,10
09:32:24.335577000,N,AAPL,26.85,7,26.88,3
09:32:24.536198000,B,AAPL,26.85,8,26.91,10
09:32:24.536228000,N,AAPL,26.85,7,26.87,2
09:32:24.542295000,N,AAPL,26.85,5,26.87,3
09:32:24.551878000,N,AAPL,26.85,5,26.87,4
09:32:24.552651000,N,AAPL,26.85,4,26.87,3
09:32:24.552681000,B,AAPL,26.79,4,26.91,10
09:32:24.552728000,N,AAPL,26.85,4,26.87,6
09:32:24.552900000,N,AAPL,26.85,4,26.87,5
09:32:24.553148000,Z,AAPL,26.85,4,26.88,2
09:32:24.743223000,N,AAPL,26.85,1,26.87,3
09:32:24.743458000,N,AAPL,26.84,6,26.87,3
09:32:24.743738000,N,AAPL,26.84,4,26.87,3
09:32:24.744089000,N,AAPL,26.84,3,26.87,6
09:32:24.744540000,P,AAPL,26.84,2,26.87,3
09:32:25.274173000,B,AAPL,26.84,9,26.91,10
09:32:25.274281000,N,AAPL,26.84,7,26.87,4
09:32:25.274293000,N,AAPL,26.84,7,26.87,3
09:32:25.274402000,N,AAPL,26.84,7,26.87,2
09:32:25.286208000,B,AAPL,26.75,47,26.87,10
09:32:25.286220000,N,AAPL,26.84,6,26.87,4
09:32:25.296366000,N,AAPL,26.84,8,26.87,4
09:32:25.297169000,N,AAPL,26.84,9,26.87,2
09:32:25.297265000,B,AAPL,26.75,47,26.91,10
09:32:25.600201000,N,AAPL,26.84,2,26.85,12
09:32:25.600296000,N,AAPL,26.84,2,26.86,3
09:32:25.600597000,N,AAPL,26.84,2,26.86,1
09:32:25.600628000,Z,AAPL,26.83,4,26.87,5
09:32:25.601274000,Z,AAPL,26.84,5,26.87,3
09:32:25.601574000,N,AAPL,26.85,2,26.87,2
09:32:25.604113000,N,AAPL,26.85,1,26.87,2
09:32:25.604198000,Z,AAPL,26.84,5,26.87,4
09:32:25.604320000,N,AAPL,26.84,3,26.87,2
09:32:25.611412000,N,AAPL,26.85,2,26.87,2
09:32:25.611607000,N,AAPL,26.85,3,26.87,2
09:32:25.622488000,N,AAPL,26.85,5,26.87,2
09:32:25.629272000,Z,AAPL,26.84,5,26.87,3
09:32:25.629305000,K,AAPL,26.84,2,26.87,3
09:32:25.635376000,N,AAPL,26.85,4,26.87,2
09:32:25.636362000,T,AAPL,26.84,1,26.87,3
09:32:25.734117000,Z,AAPL,26.84,5,26.87,2
09:32:25.757479000,N,AAPL,26.85,4,26.87,3
09:32:27.078605000,N,AAPL,26.84,7,26.87,3
09:32:27.079148000,N,AAPL,26.84,4,26.86,2
09:32:27.079230000,N,AAPL,26.84,4,26.86,3
09:32:27.079438000,N,AAPL,26.84,3,26.86,3
09:32:27.079558000,Z,AAPL,26.84,4,26.86,3
09:32:27.079606000,N,AAPL,26.84,2,26.86,3
09:32:27.079664000,Z,AAPL,26.84,2,26.86,3
09:32:27.092379000,N,AAPL,26.84,2,26.86,2
09:32:27.093162000,T,AAPL,26.8,16,26.86,1
09:32:27.650789000,N,AAPL,26.85,2,26.86,1
09:32:27.651038000,N,AAPL,26.85,3,26.87,2
09:32:27.651166000,V,AAPL,26.83,1,26.87,1
09:32:28.312724000,T,AAPL,26.86,8,26.87,1
09:32:28.312797000,N,AAPL,26.85,5,26.87,3
09:32:28.320216000,N,AAPL,26.85,3,26.87,2
09:32:28.457441000,N,AAPL,26.86,1,26.87,1
09:32:28.458341000,V,AAPL,26.84,1,26.87,1
09:32:28.560494000,N,AAPL,26.86,5,26.88,3
09:32:28.560583000,N,AAPL,26.86,5,26.88,2
09:32:28.560683000,T,AAPL,26.87,3,26.88,1
09:32:28.561093000,K,AAPL,26.86,1,26.88,2
09:32:28.583978000,N,AAPL,26.86,4,26.88,3
09:32:28.584417000,N,AAPL,26.86,3,26.88,2
09:32:28.656619000,T,AAPL,26.86,8,26.9,1
09:32:28.659265000,N,AAPL,26.86,5,26.88,3
09:32:28.670196000,N,AAPL,26.86,7,26.88,4
09:32:28.682280000,N,AAPL,26.86,7,26.88,3
09:32:28.715388000,N,AAPL,26.86,7,26.88,4
09:32:28.718371000,N,AAPL,26.86,4,26.87,1
09:32:28.718629000,N,AAPL,26.86,2,26.87,2
09:32:29.110844000,N,AAPL,26.86,2,26.87,1
09:32:29.175453000,N,AAPL,26.86,2,26.88,5
09:32:29.175824000,N,AAPL,26.87,1,26.88,3
09:32:29.175987000,N,AAPL,26.87,2,26.88,3
09:32:29.178067000,N,AAPL,26.86,7,26.88,3
09:32:29.178817000,K,AAPL,26.85,2,26.88,3
09:32:29.824122000,N,AAPL,26.85,4,26.88,4
09:32:29.824161000,T,AAPL,26.86,8,26.88,1
09:32:29.824242000,N,AAPL,26.85,2,26.88,6
09:32:29.824520000,N,AAPL,26.85,2,26.87,5
09:32:29.835253000,N,AAPL,26.86,2,26.87,1
09:32:29.835667000,N,AAPL,26.87,3,26.88,4
09:32:29.835731000,Z,AAPL,26.85,2,26.88,2
09:32:29.857635000,N,AAPL,26.86,9,26.88,2
09:32:29.875041000,N,AAPL,26.86,3,26.88,2
09:32:29.875106000,K,AAPL,26.85,2,26.88,2
09:32:29.875139000,N,AAPL,26.86,1,26.88,2
09:32:29.875169000,T,AAPL,26.86,8,26.88,1
09:32:29.875237000,N,AAPL,26.85,4,26.88,3
09:32:29.875255000,N,AAPL,26.85,4,26.87,3
09:32:29.875352000,N,AAPL,26.85,4,26.87,4
09:32:29.880916000,N,AAPL,26.85,2,26.87,1
09:32:29.881342000,N,AAPL,26.85,5,26.88,5
09:32:29.881592000,N,AAPL,26.85,5,26.88,3
09:32:29.925593000,N,AAPL,26.86,7,26.88,2
09:32:29.938227000,N,AAPL,26.86,6,26.88,3
09:32:30.210992000,N,AAPL,26.86,6,26.88,2
09:32:30.211192000,N,AAPL,26.86,8,26.88,1
09:32:30.211291000,N,AAPL,26.86,8,26.88,2
09:32:30.211411000,N,AAPL,26.86,8,26.88,1
09:32:30.211528000,N,AAPL,26.87,1,26.89,5
09:32:30.211771000,N,AAPL,26.86,8,26.89,5
09:32:30.212969000,Z,AAPL,26.87,1,26.88,1
09:32:30.213216000,Z,AAPL,26.86,2,26.88,1
09:32:30.213348000,Z,AAPL,26.85,2,26.87,1
09:32:30.217254000,Z,AAPL,26.85,2,26.88,1
09:32:30.217491000,J,AAPL,26.87,1,26.89,1
09:32:30.217806000,P,AAPL,26.87,3,26.88,1
09:32:30.242196000,N,AAPL,26.87,3,26.88,2
09:32:30.242965000,N,AAPL,26.87,2,26.88,3
09:32:30.409067000,N,AAPL,26.87,2,26.88,2
09:32:30.409341000,N,AAPL,26.87,2,26.88,1
09:32:30.477386000,N,AAPL,26.87,1,26.88,2
09:32:30.948925000,N,AAPL,26.87,1,26.88,1
09:32:30.949098000,P,AAPL,26.87,1,26.88,1
09:32:30.949415000,N,AAPL,26.87,1,26.88,4
09:32:30.949631000,P,AAPL,26.86,4,26.87,1
09:32:30.950189000,P,AAPL,26.86,4,26.88,1
09:32:30.950206000,J,AAPL,26.79,5,26.91,1
09:32:30.950349000,N,AAPL,26.86,6,26.88,11
09:32:30.950392000,P,AAPL,26.87,1,26.88,1
09:32:30.950455000,N,AAPL,26.86,6,26.88,13
09:32:30.950552000,P,AAPL,26.87,2,26.88,1
09:32:30.950568000,N,AAPL,26.86,5,26.88,8
09:32:30.950581000,N,AAPL,26.86,5,26.88,6
09:32:30.950645000,N,AAPL,26.86,5,26.88,5
09:32:30.950871000,N,AAPL,26.86,5,26.87,3
09:32:30.950955000,N,AAPL,26.86,5,26.88,2
09:32:30.951685000,P,AAPL,26.87,1,26.88,1
09:32:31.743918000,N,AAPL,26.86,4,26.88,2
09:32:31.744027000,N,AAPL,26.86,4,26.88,3
09:32:36.131778000,P,AAPL,26.86,1,26.87,1
09:32:36.132000000,T,AAPL,26.86,10,26.88,2
09:32:36.132104000,T,AAPL,26.86,8,26.88,2
09:32:36.132166000,P,AAPL,26.84,5,26.87,1
09:32:36.132183000,N,AAPL,26.85,4,26.87,4
09:32:36.132437000,N,AAPL,26.85,4,26.87,5
09:32:36.141828000,N,AAPL,26.85,4,26.87,2
09:32:36.142028000,N,AAPL,26.85,4,26.87,1
09:32:36.142992000,P,AAPL,26.84,5,26.88,1
09:32:36.143303000,Z,AAPL,26.86,1,26.88,3
09:32:36.143480000,N,AAPL,26.86,1,26.88,3
09:32:36.143777000,T,AAPL,26.86,9,26.88,2
09:32:36.145861000,T,AAPL,26.86,8,26.88,2
09:32:36.165001000,N,AAPL,26.86,2,26.88,5
09:32:36.176447000,N,AAPL,26.86,4,26.88,7
09:32:36.187958000,N,AAPL,26.86,7,26.88,5
09:32:36.756262000,N,AAPL,26.86,1,26.88,6
09:32:39.572522000,N,AAPL,26.86,1,26.88,5
09:32:49.985345000,N,AAPL,26.86,1,26.88,4
09:32:49.985451000,P,AAPL,26.84,5,26.88,2
09:32:49.985775000,N,AAPL,26.86,2,26.88,3
09:32:49.985933000,N,AAPL,26.86,2,26.88,2
09:32:49.986182000,N,AAPL,26.86,3,26.88,3
09:32:52.134904000,T,AAPL,26.86,9,26.88,2
09:32:52.135004000,T,AAPL,26.86,11,26.88,2
09:32:53.294902000,N,AAPL,26.85,4,26.88,4
09:32:53.294971000,N,AAPL,26.85,4,26.87,1
09:32:53.295067000,N,AAPL,26.85,4,26.87,2
09:32:53.295263000,N,AAPL,26.85,1,26.87,3
09:32:53.295547000,N,AAPL,26.84,5,26.87,3
09:32:53.295563000,N,AAPL,26.84,5,26.87,4
09:32:53.295756000,T,AAPL,26.86,9,26.87,3
09:32:53.295807000,N,AAPL,26.84,2,26.87,5
09:32:53.295855000,T,AAPL,26.86,7,26.87,3
09:32:53.295950000,N,AAPL,26.84,3,26.87,7
09:32:53.295994000,T,AAPL,26.86,6,26.87,3
09:32:53.296022000,Z,AAPL,26.85,2,26.86,3
09:32:53.296037000,T,AAPL,26.86,1,26.87,3
09:32:53.296054000,T,AAPL,26.83,3,26.87,3
09:32:53.296452000,T,AAPL,26.81,12,26.86,11
09:32:53.301164000,T,AAPL,26.82,2,26.86,13
09:32:53.316435000,B,AAPL,26.79,1,26.91,10
09:32:54.155045000,T,AAPL,26.82,2,26.86,5
09:32:54.155136000,T,AAPL,26.82,2,26.86,2
09:32:54.464496000,K,AAPL,26.84,1,26.86,2
09:32:54.464514000,N,AAPL,26.84,3,26.85,1
09:32:54.464698000,N,AAPL,26.83,6,26.85,1
09:32:54.464962000,N,AAPL,26.83,4,26.85,2
09:32:54.465022000,N,AAPL,26.83,4,26.85,3
09:32:54.465144000,Z,AAPL,26.84,2,26.85,1
09:32:54.465237000,Z,AAPL,26.83,2,26.85,1
09:32:54.466319000,N,AAPL,26.83,3,26.85,2
09:32:54.467943000,N,AAPL,26.84,1,26.85,3
09:32:54.468200000,T,AAPL,26.82,2,26.85,5
09:32:54.468268000,T,AAPL,26.82,2,26.85,6
09:32:54.468332000,K,AAPL,26.83,1,26.85,1
09:32:54.468436000,Z,AAPL,26.83,2,26.84,2
09:32:54.468496000,N,AAPL,26.83,3,26.85,2
09:32:54.470855000,Z,AAPL,26.82,5,26.84,2
09:32:54.470884000,P,AAPL,26.82,2,26.84,2
09:32:54.470932000,Z,AAPL,26.82,5,26.87,4
09:32:54.555680000,N,AAPL,26.83,1,26.85,2
09:32:55.021314000,P,AAPL,26.81,2,26.84,1
09:32:55.021641000,N,AAPL,26.83,2,26.85,1
09:32:55.021759000,N,AAPL,26.83,2,26.86,5
09:32:55.021787000,Z,AAPL,26.82,5,26.86,5
09:32:55.021799000,T,AAPL,26.82,2,26.85,3
09:32:55.021906000,N,AAPL,26.83,4,26.85,1
09:32:55.022611000,B,AAPL,26.83,8,26.91,10
09:32:55.037985000,B,AAPL,26.79,1,26.91,10
09:32:55.038046000,N,AAPL,26.83,6,26.85,3
09:32:55.038130000,N,AAPL,26.83,5,26.85,3
09:32:55.049612000,N,AAPL,26.83,6,26.85,2
09:32:55.060440000,N,AAPL,26.83,7,26.85,1
09:32:55.061296000,T,AAPL,26.82,2,26.87,1
09:32:55.061451000,N,AAPL,26.84,5,26.86,6
09:32:55.061576000,N,AAPL,26.84,6,26.86,6
09:32:55.072627000,N,AAPL,26.84,4,26.86,3
09:32:55.195187000,N,AAPL,26.84,3,26.86,3
09:32:55.215385000,N,AAPL,26.83,5,26.86,3
09:32:55.215492000,N,AAPL,26.83,6,26.86,3
09:32:55.226762000,N,AAPL,26.83,7,26.86,3
09:32:55.743986000,P,AAPL,26.82,7,26.86,2
09:32:55.744127000,N,AAPL,26.83,7,26.86,3
09:32:55.744334000,N,AAPL,26.84,1,26.86,2
09:32:55.744363000,Y,AAPL,26.83,2,26.87,1
09:32:55.744764000,N,AAPL,26.84,10,26.86,1
09:32:55.744981000,K,AAPL,26.84,1,26.86,1
09:32:55.744997000,N,AAPL,26.84,11,26.86,1
09:32:55.745062000,V,AAPL,26.83,1,26.87,1
09:32:55.745079000,K,AAPL,26.84,2,26.86,1
09:32:55.745106000,N,AAPL,26.84,13,26.86,1
09:32:55.748700000,K,AAPL,26.84,1,26.86,1
09:32:55.750564000,N,AAPL,26.84,8,26.86,1
09:32:55.751108000,N,AAPL,26.84,11,26.86,1
09:32:55.760448000,N,AAPL,26.84,14,26.86,1
09:33:01.260894000,Z,AAPL,26.84,3,26.85,1
09:33:01.261041000,Z,AAPL,26.83,5,26.85,1
09:33:01.261414000,N,AAPL,26.83,3,26.85,4
09:33:01.261431000,N,AAPL,26.83,3,26.85,5
09:33:01.262267000,B,AAPL,26.83,7,26.91,10
09:33:01.275744000,B,AAPL,26.79,1,26.91,10
09:33:01.275816000,Z,AAPL,26.82,5,26.83,1
09:33:01.275856000,N,AAPL,26.82,6,26.85,2
09:33:01.275962000,N,AAPL,26.82,4,26.85,2
09:33:01.276400000,Z,AAPL,26.82,2,26.83,1
09:33:01.276450000,N,AAPL,26.82,2,26.84,5
09:33:01.276502000,Z,AAPL,26.81,4,26.83,1
09:33:01.276742000,Z,AAPL,26.81,2,26.84,1
09:33:01.276771000,N,AAPL,26.82,1,26.84,6
09:33:01.276799000,N,AAPL,26.81,3,26.84,4
09:33:01.277338000,V,AAPL,26.81,1,26.85,1
09:33:01.277390000,K,AAPL,26.82,2,26.84,2
09:33:01.277870000,N,AAPL,26.82,1,26.84,3
09:33:01.278034000,N,AAPL,26.82,1,26.84,2
09:33:01.278034000,K,AAPL,26.82,2,26.84,1
09:33:01.278265000,T,AAPL,26.82,2,26.84,1
09:33:01.281490000,X,AAPL,26.78,127,26.94,15
09:33:01.287220000,N,AAPL,26.82,2,26.84,3
09:33:01.310820000,N,AAPL,26.82,6,26.85,2
09:33:01.310987000,P,AAPL,26.82,1,26.85,4
09:33:01.311367000,Z,AAPL,26.82,5,26.85,2
09:33:01.321762000,N,AAPL,26.82,4,26.85,8
09:33:01.334176000,N,AAPL,26.82,5,26.85,3
09:33:01.359343000,N,AAPL,26.82,4,26.85,4
09:33:01.359508000,P,AAPL,26.82,6,26.85,1
09:33:01.368987000,N,AAPL,26.82,4,26.85,6
09:33:01.380416000,N,AAPL,26.82,4,26.85,4
09:33:01.383362000,N,AAPL,26.82,6,26.85,5
09:33:01.818956000,N,AAPL,26.82,6,26.85,5
09:33:02.333084000,P,AAPL,26.82,4,26.85,1
09:33:02.471011000,N,AAPL,26.82,1,26.84,6
09:33:02.471136000,N,AAPL,26.82,1,26.84,7
09:33:02.471185000,V,AAPL,26.81,1,26.85,1
09:33:02.471388000,N,AAPL,26.81,4,26.84,7
09:33:02.481730000,N,AAPL,26.81,4,26.84,4
09:33:02.481796000,N,AAPL,26.81,4,26.84,5
09:33:02.481996000,N,AAPL,26.81,5,26.84,4
09:33:02.482118000,N,AAPL,26.81,5,26.84,3
09:33:02.482866000,N,AAPL,26.82,5,26.84,1
09:33:02.482915000,V,AAPL,26.81,1,26.85,1
09:33:02.801476000,N,AAPL,26.81,4,26.84,7
09:33:02.802397000,N,AAPL,26.81,3,26.84,9
09:33:02.802646000,N,AAPL,26.81,3,26.84,10
09:33:02.808316000,N,AAPL,26.81,4,26.84,8
09:33:02.808418000,N,AAPL,26.81,4,26.84,10
09:33:02.818783000,N,AAPL,26.81,4,26.84,12
09:33:02.819677000,T,AAPL,26.81,10,26.84,4
09:33:02.853624000,N,AAPL,26.81,6,26.84,10
09:33:03.559723000,N,AAPL,26.81,5,26.84,9
09:33:03.897701000,N,AAPL,26.81,5,26.84,6
09:33:03.959501000,N,AAPL,26.81,4,26.83,1
09:33:03.959667000,N,AAPL,26.81,4,26.83,2
09:33:03.960006000,T,AAPL,26.81,10,26.85,5
09:33:03.964841000,Z,AAPL,26.8,3,26.82,1
09:33:03.967281000,B,AAPL,26.81,7,26.91,5
09:33:03.971417000,P,AAPL,26.8,4,26.82,3
09:33:05.491090000,T,AAPL,26.8,6,26.82,1
09:33:05.491154000,K,AAPL,26.8,2,26.81,1
09:33:05.492239000,T,AAPL,26.8,4,26.81,10
09:33:05.492340000,T,AAPL,26.8,4,26.81,7
09:33:05.493835000,N,AAPL,26.8,4,26.81,6
09:33:05.495327000,N,AAPL,26.8,4,26.81,2
09:33:05.496212000,N,AAPL,26.8,4,26.81,1
09:33:05.496232000,K,AAPL,26.79,3,26.82,1
09:33:05.508494000,V,AAPL,26.78,1,26.82,1
09:33:05.535395000,N,AAPL,26.8,5,26.81,1
09:33:05.682334000,T,AAPL,26.8,4,26.85,3
09:33:06.153883000,N,AAPL,26.8,6,26.82,2
09:33:06.427675000,P,AAPL,26.79,9,26.81,1
09:33:07.670662000,N,AAPL,26.8,6,26.82,2
09:33:07.670932000,N,AAPL,26.8,7,26.82,2
09:33:07.671030000,N,AAPL,26.8,8,26.82,2
09:33:07.671226000,N,AAPL,26.8,9,26.83,5
09:33:07.672224000,N,AAPL,26.8,8,26.82,2
09:33:07.672322000,N,AAPL,26.8,7,26.82,2
09:33:07.756119000,N,AAPL,26.8,8,26.82,1
09:33:08.040366000,N,AAPL,26.8,9,26.82,1
09:33:08.040476000,K,AAPL,26.8,1,26.81,1
09:33:08.040504000,N,AAPL,26.8,8,26.83,7
09:33:08.041418000,P,AAPL,26.8,2,26.81,1
09:33:08.050410000,K,AAPL,26.8,1,26.81,1
09:33:08.140339000,N,AAPL,26.8,7,26.82,1
09:33:08.537129000,P,AAPL,26.8,2,26.81,1
09:33:09.004874000,K,AAPL,26.79,3,26.9,2
09:33:09.005244000,N,AAPL,26.8,9,26.83,3
09:33:09.005471000,N,AAPL,26.81,1,26.83,3
09:33:09.005691000,N,AAPL,26.81,2,26.83,3
09:33:09.005756000,N,AAPL,26.81,4,26.83,3
09:33:09.005898000,N,AAPL,26.81,5,26.83,3
09:33:09.006624000,P,AAPL,26.81,6,26.84,2
09:33:09.113371000,B,AAPL,26.71,4,26.91,5
09:33:09.113422000,N,AAPL,26.81,5,26.83,2
09:33:09.113434000,N,AAPL,26.81,5,26.83,1
09:33:09.113517000,N,AAPL,26.81,7,26.83,1
09:33:09.113592000,N,AAPL,26.81,8,26.83,1
09:33:09.113700000,N,AAPL,26.81,9,26.83,1
09:33:09.114148000,V,AAPL,26.8,1,26.84,1
09:33:09.115010000,N,AAPL,26.81,9,26.84,2
09:33:10.830327000,N,AAPL,26.81,3,26.83,5
09:33:10.830346000,P,AAPL,26.81,2,26.84,2
09:33:10.830468000,N,AAPL,26.81,2,26.83,6
09:33:10.830632000,Z,AAPL,26.81,1,26.84,5
09:33:10.830679000,N,AAPL,26.8,10,26.83,6
09:33:10.830807000,Z,AAPL,26.8,4,26.84,5
09:33:11.059141000,N,AAPL,26.81,2,26.83,3
09:33:11.059185000,Z,AAPL,26.8,2,26.83,5
09:33:11.104910000,N,AAPL,26.81,2,26.82,1
09:33:11.104994000,N,AAPL,26.8,10,26.82,1
09:33:11.151604000,N,AAPL,26.81,3,26.82,1
09:33:11.151743000,N,AAPL,26.81,2,26.82,1
09:33:11.152210000,N,AAPL,26.81,3,26.82,1
09:33:11.912518000,Z,AAPL,26.8,2,26.81,1
09:33:11.912643000,N,AAPL,26.8,8,26.81,1
09:33:11.912664000,N,AAPL,26.8,7,26.81,1
09:33:11.912677000,Z,AAPL,26.79,3,26.81,1
09:33:11.912701000,T,AAPL,26.8,4,26.81,2
09:33:11.912723000,N,AAPL,26.8,6,26.81,1
09:33:11.912911000,N,AAPL,26.8,5,26.81,1
09:33:11.913007000,N,AAPL,26.8,4,26.81,1
09:33:11.913621000,N,AAPL,26.8,4,26.81,3
09:33:11.913677000,T,AAPL,26.8,3,26.81,2
09:33:11.913723000,N,AAPL,26.79,3,26.81,3
09:33:11.913752000,T,AAPL,26.79,2,26.81,2
09:33:11.913828000,T,AAPL,26.79,2,26.81,4
09:33:12.789374000,P,AAPL,26.79,5,26.8,1
09:33:13.489296000,P,AAPL,26.79,2,26.8,1
09:33:13.696094000,P,AAPL,26.78,2,26.8,1
09:33:13.696376000,P,AAPL,26.77,3,26.79,1
09:33:13.696394000,P,AAPL,26.77,3,26.79,2
09:33:13.696587000,N,AAPL,26.78,4,26.79,6
09:33:13.696846000,N,AAPL,26.78,3,26.79,7
09:33:13.696908000,Z,AAPL,26.78,3,26.79,2
09:33:13.696954000,N,AAPL,26.78,2,26.79,7
09:33:13.697000000,Z,AAPL,26.78,2,26.79,2
09:33:13.697082000,N,AAPL,26.77,6,26.79,8
09:33:13.697149000,Z,AAPL,26.77,4,26.79,2
09:33:13.697176000,K,AAPL,26.77,1,26.79,2
09:33:13.697667000,Z,AAPL,26.77,2,26.79,2
09:33:13.698157000,N,AAPL,26.77,2,26.79,9
09:33:13.698189000,Z,AAPL,26.76,4,26.79,2
09:33:13.698207000,Z,AAPL,26.76,4,26.78,1
09:33:13.698351000,N,AAPL,26.77,2,26.79,9
09:33:13.699816000,N,AAPL,26.77,1,26.79,9
09:33:13.701802000,N,AAPL,26.77,2,26.79,7
09:33:13.732464000,N,AAPL,26.77,1,26.79,2
09:33:13.733095000,N,AAPL,26.77,2,26.79,2
09:33:13.734332000,Z,AAPL,26.76,4,26.8,4
09:33:13.737609000,N,AAPL,26.76,6,26.79,1
09:33:13.738089000,N,AAPL,26.76,6,26.78,2
09:33:13.738437000,N,AAPL,26.76,6,26.78,3
09:33:13.738612000,V,AAPL,26.76,1,26.8,1
09:33:13.739062000,N,AAPL,26.76,6,26.78,2
09:33:13.739210000,Y,AAPL,26.75,2,26.8,3
09:33:13.740082000,K,AAPL,26.75,1,26.78,2
09:33:13.749279000,N,AAPL,26.76,1,26.78,3
09:33:13.760356000,N,AAPL,26.76,2,26.78,4
09:33:13.760591000,N,AAPL,26.76,3,26.78,5
09:33:13.808894000,N,AAPL,26.76,3,26.78,4
09:33:13.809111000,N,AAPL,26.76,3,26.78,3
09:33:13.809225000,N,AAPL,26.76,3,26.78,2
09:33:13.809312000,N,AAPL,26.76,4,26.78,1
09:33:13.816369000,N,AAPL,26.76,4,26.78,2
09:33:13.827297000,N,AAPL,26.76,3,26.78,3
09:33:13.998063000,T,AAPL,26.76,10,26.78,1
09:33:14.381311000,N,AAPL,26.76,3,26.78,2
09:33:17.248520000,N,AAPL,26.75,15,26.77,1
09:33:17.248643000,N,AAPL,26.75,14,26.77,2
09:33:17.248777000,N,AAPL,26.75,13,26.77,3
09:33:17.249283000,N,AAPL,26.75,11,26.77,3
09:33:17.249296000,T,AAPL,26.76,9,26.77,2
09:33:17.249381000,N,AAPL,26.75,11,26.77,4
09:33:17.249472000,N,AAPL,26.75,11,26.77,5
09:33:17.253725000,N,AAPL,26.75,11,26.77,4
09:33:17.356203000,T,AAPL,26.76,9,26.77,2
09:33:17.356493000,K,AAPL,26.75,2,26.77,1
09:33:17.430397000,T,AAPL,26.76,9,26.78,1
09:33:17.430589000,K,AAPL,26.75,2,26.77,1
09:33:17.751172000,T,AAPL,26.76,12,26.78,1
09:33:17.752035000,N,AAPL,26.76,1,26.78,2
09:33:17.752872000,T,AAPL,26.77,3,26.78,1
09:33:17.752961000,T,AAPL,26.77,6,26.78,1
09:33:17.753059000,T,AAPL,26.77,3,26.78,1
09:33:17.753142000,T,AAPL,26.76,9,26.78,1
09:33:17.753849000,T,AAPL,26.76,9,26.78,1
09:33:17.753882000,N,AAPL,26.77,1,26.79,4
09:33:17.753919000,T,AAPL,26.77,3,26.78,1
09:33:17.753944000,T,AAPL,26.77,6,26.78,1
09:33:17.754016000,T,AAPL,26.77,9,26.78,1
09:33:17.754045000,T,AAPL,26.77,11,26.78,1
09:33:17.755572000,T,AAPL,26.77,8,26.78,1
09:33:17.755656000,T,AAPL,26.77,5,26.78,1
09:33:17.869513000,K,AAPL,26.76,2,26.78,1
09:33:17.869728000,B,AAPL,26.66,43,26.78,1
09:33:17.981709000,K,AAPL,26.76,2,26.78,2
09:33:18.023578000,T,AAPL,26.77,3,26.78,1
09:33:18.023681000,T,AAPL,26.76,9,26.78,1
09:33:18.024801000,K,AAPL,26.76,1,26.78,2
09:33:18.025761000,T,AAPL,26.76,9,26.78,1
09:33:18.032460000,N,AAPL,26.76,4,26.78,3
09:33:18.042564000,N,AAPL,26.76,3,26.78,4
09:33:18.042756000,N,AAPL,26.76,4,26.78,5
09:33:18.042937000,N,AAPL,26.76,5,26.78,4
09:33:18.053482000,N,AAPL,26.76,5,26.78,3
09:33:18.053675000,N,AAPL,26.76,5,26.78,2
09:33:18.054113000,K,AAPL,26.76,1,26.78,2
09:33:18.072290000,N,AAPL,26.76,4,26.78,2
09:33:18.524149000,Z,AAPL,26.76,5,26.77,1
09:33:18.524309000,N,AAPL,26.76,2,26.77,3
09:33:18.524433000,N,AAPL,26.75,14,26.77,2
09:33:18.524603000,N,AAPL,26.75,14,26.77,3
09:33:18.535306000,N,AAPL,26.75,14,26.77,2
09:33:18.535814000,K,AAPL,26.75,2,26.77,2
09:33:18.544117000,N,AAPL,26.75,14,26.77,1
09:33:18.544136000,K,AAPL,26.75,2,26.77,1
09:33:18.556981000,N,AAPL,26.75,14,26.78,1
09:33:19.004625000,K,AAPL,26.75,2,26.78,2
09:33:19.004678000,N,AAPL,26.75,15,26.78,4
09:33:19.004748000,Z,AAPL,26.75,2,26.78,2
09:33:19.004988000,T,AAPL,26.76,10,26.78,1
09:33:19.006516000,T,AAPL,26.76,9,26.78,1
09:33:19.612570000,N,AAPL,26.75,15,26.78,3
09:33:19.613458000,Z,AAPL,26.75,2,26.78,5
09:33:19.614079000,Z,AAPL,26.76,1,26.78,3
09:33:19.635620000,N,AAPL,26.76,3,26.78,2
09:33:19.636161000,Z,AAPL,26.75,2,26.78,3
09:33:19.646842000,N,AAPL,26.76,1,26.78,4
09:33:19.658882000,N,AAPL,26.76,1,26.78,3
09:33:23.913230000,N,AAPL,26.76,2,26.78,2
09:33:23.914175000,Y,AAPL,26.76,1,26.78,2
09:33:24.155275000,N,AAPL,26.76,3,26.78,2
09:33:24.155361000,N,AAPL,26.76,3,26.78,3
09:33:25.010535000,T,AAPL,26.76,10,26.78,2
09:33:25.010682000,T,AAPL,26.76,12,26.78,2
09:33:26.136888000,N,AAPL,26.76,4,26.78,2
09:33:26.148246000,N,AAPL,26.77,1,26.79,4
09:33:26.148423000,T,AAPL,26.76,12,26.78,1
09:33:26.148458000,N,AAPL,26.77,1,26.79,2
09:33:26.148479000,N,AAPL,26.77,2,26.79,2
09:33:26.148511000,T,AAPL,26.76,12,26.8,2
09:33:26.148530000,Y,AAPL,26.76,2,26.79,2
09:33:26.148562000,N,AAPL,26.77,2,26.79,1
09:33:26.148576000,Y,AAPL,26.76,2,26.79,1
09:33:26.148595000,N,AAPL,26.77,4,26.79,1
09:33:26.148679000,N,AAPL,26.77,5,26.79,1
09:33:26.148711000,V,AAPL,26.76,1,26.79,1
09:33:26.148777000,N,AAPL,26.77,6,26.79,1
09:33:26.148940000,N,AAPL,26.77,7,26.8,3
09:33:26.148960000,K,AAPL,26.76,2,26.91,6
09:33:26.149144000,B,AAPL,26.66,43,26.82,1
09:33:26.149224000,N,AAPL,26.77,7,26.8,1
09:33:26.149257000,N,AAPL,26.78,1,26.8,1
09:33:26.149440000,N,AAPL,26.78,2,26.8,1
09:33:26.149543000,N,AAPL,26.78,3,26.8,1
09:33:26.149962000,B,AAPL,26.78,6,26.82,1
09:33:26.150452000,T,AAPL,26.78,1,26.79,1
09:33:26.155190000,T,AAPL,26.78,1,26.8,2
09:33:26.155295000,T,AAPL,26.79,4,26.8,2
09:33:26.155343000,T,AAPL,26.79,5,26.8,2
09:33:26.155394000,Y,AAPL,26.78,1,26.8,1
09:33:26.168763000,T,AAPL,26.79,4,26.81,2
09:33:26.168777000,T,AAPL,26.77,2,26.81,2
09:33:26.168846000,P,AAPL,26.78,5,26.81,1
09:33:26.168864000,P,AAPL,26.78,4,26.81,1
09:33:26.170001000,N,AAPL,26.78,5,26.8,1
09:33:26.185079000,N,AAPL,26.78,5,26.8,2
09:33:26.196378000,N,AAPL,26.78,5,26.8,3
09:33:26.207275000,N,AAPL,26.78,5,26.8,2
09:33:26.255566000,P,AAPL,26.78,5,26.82,1
09:33:26.256213000,Z,AAPL,26.78,4,26.81,5
09:33:26.572186000,Z,AAPL,26.78,4,26.79,1
09:33:26.572272000,N,AAPL,26.78,4,26.79,1
09:33:26.572337000,Z,AAPL,26.78,2,26.79,1
09:33:26.572421000,N,AAPL,26.78,3,26.79,1
09:33:26.572501000,N,AAPL,26.78,2,26.79,1
09:33:26.572522000,N,AAPL,26.78,1,26.79,1
09:33:26.572924000,N,AAPL,26.77,6,26.79,2
09:33:26.573132000,Z,AAPL,26.77,5,26.79,1
09:33:26.573179000,N,AAPL,26.77,3,26.79,2
09:33:26.573228000,Z,AAPL,26.77,4,26.79,1
09:33:26.573263000,Z,AAPL,26.77,2,26.79,1
09:33:26.573281000,N,AAPL,26.77,2,26.79,2
09:33:26.573383000,Z,AAPL,26.77,2,26.78,1
09:33:26.573574000,K,AAPL,26.77,1,26.79,1
09:33:26.573606000,Z,AAPL,26.76,4,26.78,2
09:33:26.573727000,Z,AAPL,26.76,2,26.78,2
09:33:26.574227000,Z,AAPL,26.76,2,26.77,2
09:33:26.574706000,N,AAPL,26.76,4,26.78,3
09:33:26.575335000,Z,AAPL,26.75,4,26.78,2
09:33:26.575411000,Z,AAPL,26.77,1,26.78,2
09:33:26.575454000,Z,AAPL,26.77,2,26.78,2
09:33:26.575509000,T,AAPL,26.76,12,26.78,6
09:33:26.575603000,T,AAPL,26.76,15,26.77,3
09:33:26.577259000,T,AAPL,26.76,11,26.78,3
09:33:26.577299000,Z,AAPL,26.77,1,26.8,4
09:33:26.577388000,T,AAPL,26.77,3,26.79,1
09:33:26.577388000,T,AAPL,26.77,4,26.79,1
09:33:26.577604000,B,AAPL,26.76,5,26.79,5
09:33:26.577814000,N,AAPL,26.76,6,26.78,1
09:33:26.577814000,J,AAPL,26.76,1,26.79,1
09:33:26.579789000,N,AAPL,26.77,1,26.78,2
09:33:26.579975000,T,AAPL,26.77,1,26.78,3
09:33:26.585032000,P,AAPL,26.77,1,26.79,2
09:33:26.585434000,K,AAPL,26.77,1,26.78,1
09:33:26.604815000,T,AAPL,26.76,12,26.78,2
09:33:26.604890000,Z,AAPL,26.75,2,26.78,2
09:33:26.604925000,T,AAPL,26.76,12,26.78,1
09:33:26.604980000,K,AAPL,26.76,3,26.78,1
09:33:26.605000000,Z,AAPL,26.75,2,26.8,2
09:33:26.605119000,N,AAPL,26.76,5,26.78,1
09:33:26.605385000,N,AAPL,26.77,1,26.79,4
09:33:26.605488000,N,AAPL,26.76,5,26.78,1
09:33:26.605828000,N,AAPL,26.77,1,26.79,4
09:33:26.605899000,N,AAPL,26.77,2,26.79,4
09:33:26.605932000,T,AAPL,26.76,15,26.78,1
09:33:26.605949000,Z,AAPL,26.77,1,26.78,1
09:33:26.606018000,T,AAPL,26.77,3,26.78,1
09:33:26.606103000,T,AAPL,26.77,4,26.78,1
09:33:26.606122000,T,AAPL,26.77,6,26.78,1
09:33:26.606136000,P,AAPL,26.77,1,26.78,1
09:33:26.618033000,P,AAPL,26.76,4,26.77,1
09:33:26.618152000,T,AAPL,26.77,5,26.78,2
09:33:26.618166000,Z,AAPL,26.76,3,26.77,2
09:33:26.618256000,T,AAPL,26.77,2,26.78,2
09:33:26.618274000,T,AAPL,26.76,11,26.78,2
09:33:26.618337000,T,AAPL,26.76,9,26.78,2
09:33:26.618738000,T,AAPL,26.76,10,26.78,5
09:33:26.618854000,T,AAPL,26.76,12,26.78,5
09:33:26.619235000,T,AAPL,26.76,11,26.78,5
09:33:26.619370000,T,AAPL,26.76,9,26.78,5
09:33:26.787479000,Z,AAPL,26.76,1,26.79,4
09:33:26.787559000,N,AAPL,26.76,4,26.77,1
09:33:26.787727000,N,AAPL,26.76,4,26.78,1
09:33:26.787746000,K,AAPL,26.76,1,26.77,1
09:33:26.788577000,T,AAPL,26.76,10,26.77,1
09:33:26.789206000,T,AAPL,26.76,9,26.77,1
09:33:26.795119000,N,AAPL,26.76,4,26.77,2
09:33:26.799176000,N,AAPL,26.76,4,26.78,1
09:33:26.799324000,Z,AAPL,26.75,2,26.79,2
09:33:26.799995000,T,AAPL,26.77,3,26.78,2
09:33:26.800057000,N,AAPL,26.76,7,26.78,2
09:33:26.800088000,T,AAPL,26.77,4,26.78,2
09:33:26.800192000,N,AAPL,26.76,7,26.78,1
09:33:26.841085000,T,AAPL,26.77,1,26.78,2
09:33:26.841192000,N,AAPL,26.77,2,26.78,1
09:33:26.841260000,T,AAPL,26.76,10,26.78,4
09:33:26.841275000,N,AAPL,26.77,1,26.78,1
09:33:26.841489000,N,AAPL,26.76,9,26.79,1
09:33:36.189692000,T,AAPL,26.76,10,26.78,1
09:33:36.189729000,N,AAPL,26.76,7,26.78,1
09:33:36.189771000,T,AAPL,26.76,10,26.82,1
09:33:37.026897000,N,AAPL,26.77,5,26.79,1
09:33:37.027021000,N,AAPL,26.77,5,26.8,3
09:33:37.027055000,N,AAPL,26.78,1,26.8,1
09:33:37.027205000,V,AAPL,26.76,1,26.8,1
09:33:37.027255000,N,AAPL,26.78,2,26.8,2
09:33:37.027490000,N,AAPL,26.78,3,26.8,2
09:33:37.027651000,B,AAPL,26.77,5,26.82,1
09:33:37.159685000,Z,AAPL,26.78,3,26.81,3
09:33:37.159753000,Z,AAPL,26.78,5,26.81,3
09:33:38.219506000,Z,AAPL,26.78,6,26.81,3
09:33:38.219578000,Z,AAPL,26.78,7,26.81,3
09:33:38.219629000,N,AAPL,26.78,3,26.8,2
09:33:38.869126000,N,AAPL,26.78,6,26.8,3
09:33:38.948239000,N,AAPL,26.78,6,26.8,2
09:33:47.624525000,N,AAPL,26.78,6,26.81,2
09:33:47.624827000,N,AAPL,26.79,1,26.81,1
09:33:47.625026000,N,AAPL,26.79,2,26.81,1
09:33:47.625116000,N,AAPL,26.79,3,26.81,1
09:33:47.625132000,N,AAPL,26.79,5,26.81,1
09:33:47.625340000,Z,AAPL,26.79,1,26.81,1
09:33:47.625501000,N,AAPL,26.79,6,26.82,1
09:33:47.625537000,V,AAPL,26.78,1,26.81,1
09:33:47.625554000,Z,AAPL,26.79,4,26.81,1
09:33:47.625584000,Z,AAPL,26.79,7,26.81,1
09:33:47.625621000,P,AAPL,26.79,4,26.81,1
09:33:47.625641000,V,AAPL,26.78,1,26.82,1
09:33:47.625708000,N,AAPL,26.8,1,26.82,2
09:33:47.625728000,N,AAPL,26.8,2,26.82,2
09:33:47.625751000,Z,AAPL,26.79,8,26.81,1
09:33:47.625818000,P,AAPL,26.8,1,26.81,1
09:33:47.625851000,N,AAPL,26.8,3,26.82,2
09:33:47.625910000,Z,AAPL,26.8,1,26.81,1
09:33:47.625930000,P,AAPL,26.8,3,26.81,1
09:33:47.625943000,Z,AAPL,26.8,2,26.81,1
09:33:47.679439000,N,AAPL,26.8,3,26.81,1
09:33:47.679577000,P,AAPL,26.8,2,26.81,1
09:33:47.680088000,N,AAPL,26.8,2,26.81,1
09:33:47.680302000,Z,AAPL,26.8,3,26.83,2
09:33:47.680334000,T,AAPL,26.79,4,26.81,1
09:33:47.680354000,N,AAPL,26.8,3,26.81,1
09:33:47.680400000,Z,AAPL,26.8,5,26.83,2
09:33:47.680440000,T,AAPL,26.79,4,26.83,4
09:33:47.680579000,N,AAPL,26.8,3,26.82,2
09:33:47.680778000,N,AAPL,26.8,3,26.82,1
09:33:47.726770000,Z,AAPL,26.81,1,26.84,4
09:33:47.726944000,Z,AAPL,26.8,3,26.84,4
09:33:50.629648000,N,AAPL,26.81,3,26.83,3
09:33:50.630156000,Z,AAPL,26.81,4,26.83,1
09:33:50.630176000,Z,AAPL,26.81,2,26.83,1
09:33:50.630220000,N,AAPL,26.81,1,26.82,1
09:33:50.630284000,N,AAPL,26.81,1,26.82,2
09:33:50.630351000,Z,AAPL,26.8,3,26.83,1
09:33:50.633029000,N,AAPL,26.81,2,26.83,3
09:33:50.659255000,N,AAPL,26.81,1,26.83,3
09:33:50.659492000,N,AAPL,26.81,3,26.83,3
09:33:50.659691000,N,AAPL,26.81,1,26.83,3
09:33:50.755845000,N,AAPL,26.81,3,26.83,3
09:33:50.756216000,Z,AAPL,26.8,2,26.83,2
09:33:50.756380000,N,AAPL,26.81,3,26.83,2
09:33:50.756403000,T,AAPL,26.79,4,26.83,1
09:33:50.756693000,N,AAPL,26.81,5,26.83,1
09:33:50.756929000,Z,AAPL,26.81,5,26.84,4
09:33:50.757083000,N,AAPL,26.81,7,26.84,2
09:33:50.757355000,V,AAPL,26.8,1,26.84,1
09:33:50.757373000,N,AAPL,26.81,8,26.84,4
09:33:50.857060000,Z,AAPL,26.81,2,26.84,2
09:33:50.857140000,Z,AAPL,26.8,2,26.84,2
09:33:50.857257000,Z,AAPL,26.81,3,26.84,2
09:33:50.857271000,Z,AAPL,26.81,1,26.84,2
09:33:54.176132000,Z,AAPL,26.81,4,26.84,2
09:33:54.176229000,Z,AAPL,26.81,5,26.84,2
09:33:54.176693000,N,AAPL,26.81,4,26.83,4
09:33:54.188868000,N,AAPL,26.82,2,26.84,1
09:33:54.188947000,N,AAPL,26.82,3,26.84,1
09:33:54.189049000,N,AAPL,26.82,4,26.84,1
09:33:54.189304000,N,AAPL,26.83,1,26.84,1
09:33:54.189507000,N,AAPL,26.83,2,26.84,1
09:33:54.189597000,V,AAPL,26.81,1,26.85,1
09:33:54.191305000,N,AAPL,26.83,2,26.85,1
09:33:54.191504000,N,AAPL,26.84,1,26.85,1
09:33:54.191698000,N,AAPL,26.84,2,26.85,2
09:33:54.191791000,N,AAPL,26.84,1,26.85,2
09:33:54.191993000,N,AAPL,26.83,2,26.85,2
09:33:54.192605000,T,AAPL,26.83,3,26.85,2
09:33:54.194084000,P,AAPL,26.83,4,26.86,1
09:33:54.194242000,T,AAPL,26.83,4,26.86,3
09:33:54.194284000,P,AAPL,26.83,4,26.86,4
09:33:54.194336000,T,AAPL,26.83,4,26.86,4
09:33:54.194408000,P,AAPL,26.83,4,26.86,5
09:33:54.194832000,T,AAPL,26.83,3,26.86,5
09:33:54.219199000,P,AAPL,26.83,3,26.86,5
09:33:54.219928000,N,AAPL,26.83,3,26.85,1
09:33:54.220076000,N,AAPL,26.83,3,26.85,2
09:33:54.220173000,T,AAPL,26.83,2,26.86,3
09:33:54.576132000,N,AAPL,26.83,3,26.85,2
09:33:54.576274000,N,AAPL,26.83,2,26.85,2
09:33:54.576352000,Z,AAPL,26.83,2,26.85,2
09:33:54.576384000,N,AAPL,26.83,2,26.85,3
09:33:54.577169000,T,AAPL,26.83,1,26.87,1
09:33:54.589914000,N,AAPL,26.83,2,26.85,2
09:33:54.590455000,Z,AAPL,26.82,2,26.85,1
09:33:56.010140000,T,AAPL,26.83,4,26.87,1
09:33:58.009682000,T,AAPL,26.83,3,26.87,1
09:34:00.077748000,Z,AAPL,26.83,5,26.85,1
09:34:00.077798000,N,AAPL,26.83,2,26.85,1
09:34:00.078198000,N,AAPL,26.82,7,26.84,2
09:34:00.078213000,N,AAPL,26.82,7,26.84,3
09:34:00.078273000,Z,AAPL,26.83,2,26.84,1
09:34:00.078351000,N,AAPL,26.82,6,26.84,3
09:34:00.078363000,N,AAPL,26.82,6,26.84,4
09:34:00.078406000,Z,AAPL,26.83,1,26.84,1
09:34:00.078485000,N,AAPL,26.82,4,26.84,5
09:34:00.079085000,N,AAPL,26.82,4,26.84,6
09:34:00.079305000,N,AAPL,26.82,3,26.84,5
09:34:00.079399000,N,AAPL,26.82,3,26.85,3
09:34:00.079593000,T,AAPL,26.83,2,26.84,3
09:34:00.079625000,P,AAPL,26.83,2,26.87,3
09:34:00.079650000,P,AAPL,26.83,4,26.87,3
09:34:00.079701000,T,AAPL,26.83,2,26.84,2
09:34:00.079701000,T,AAPL,26.83,2,26.84,1
09:34:00.080411000,V,AAPL,26.82,1,26.85,1
09:34:00.080868000,P,AAPL,26.84,1,26.87,3
09:34:00.081019000,P,AAPL,26.84,2,26.87,3
09:34:00.081459000,N,AAPL,26.83,3,26.85,2
09:34:00.081459000,Z,AAPL,26.84,3,26.85,1
09:34:00.081948000,Z,AAPL,26.84,2,26.85,1
09:34:00.089819000,N,AAPL,26.84,1,26.85,1
09:34:00.090268000,N,AAPL,26.84,1,26.85,2
09:34:00.094313000,N,AAPL,26.84,1,26.85,1
09:34:00.095100000,T,AAPL,26.84,2,26.87,1
09:34:00.117993000,Z,AAPL,26.83,2,26.85,1
09:34:00.118039000,N,AAPL,26.83,5,26.85,1
09:34:00.118243000,Z,AAPL,26.83,3,26.85,1
09:34:00.118294000,N,AAPL,26.83,7,26.85,1
09:34:00.118342000,Z,AAPL,26.83,5,26.85,1
09:34:00.118389000,N,AAPL,26.83,7,26.86,4
09:34:00.156498000,P,AAPL,26.84,3,26.87,2
09:34:00.347626000,P,AAPL,26.85,1,26.87,2
09:34:00.347828000,Z,AAPL,26.84,4,26.86,2
09:34:00.347871000,N,AAPL,26.85,2,26.86,1
09:34:00.348523000,Z,AAPL,26.85,6,26.88,4
09:34:00.348569000,N,AAPL,26.85,3,26.87,2
09:34:00.348617000,Z,AAPL,26.85,8,26.88,4
09:34:00.348740000,Z,AAPL,26.85,10,26.88,2
09:34:00.348786000,N,AAPL,26.85,3,26.87,1
09:34:00.348859000,Z,AAPL,26.85,11,26.88,2
09:34:00.349206000,N,AAPL,26.85,6,26.88,1
09:34:00.349315000,N,AAPL,26.86,1,26.88,1
09:34:00.349369000,V,AAPL,26.85,1,26.88,1
09:34:00.359143000,N,AAPL,26.85,4,26.88,3
09:34:00.359686000,Z,AAPL,26.86,1,26.93,10
09:34:00.359783000,Z,AAPL,26.86,2,26.93,10
09:34:00.359846000,Z,AAPL,26.86,3,26.93,10
09:34:00.370561000,N,AAPL,26.85,3,26.88,4
09:34:00.381698000,N,AAPL,26.85,3,26.88,3
09:34:00.383142000,Z,AAPL,26.86,5,26.89,5
09:34:00.501189000,Z,AAPL,26.86,4,26.89,5
09:34:06.148824000,N,AAPL,26.87,2,26.88,1
09:34:06.149002000,T,AAPL,26.87,3,26.9,3
09:34:06.149721000,Z,AAPL,26.87,1,26.89,2
09:34:06.149764000,N,AAPL,26.87,3,26.89,1
09:34:06.149830000,P,AAPL,26.87,2,26.89,2
09:34:06.149846000,P,AAPL,26.87,4,26.89,2
09:34:06.149907000,Z,AAPL,26.87,3,26.89,2
09:34:06.149925000,Z,AAPL,26.88,3,26.89,2
09:34:06.149937000,P,AAPL,26.87,4,26.9,2
09:34:06.151079000,Z,AAPL,26.87,3,26.89,2
09:34:06.152491000,Z,AAPL,26.87,5,26.93,3
09:34:06.152572000,N,AAPL,26.88,2,26.89,1
09:34:06.152681000,T,AAPL,26.88,2,26.9,2
09:34:06.152744000,P,AAPL,26.88,2,26.89,1
09:34:06.152765000,N,AAPL,26.88,1,26.89,1
09:34:06.152787000,T,AAPL,26.88,2,26.91,3
09:34:06.152907000,N,AAPL,26.88,1,26.89,2
09:34:06.152941000,P,AAPL,26.88,3,26.89,1
09:34:06.153063000,N,AAPL,26.88,1,26.89,3
09:34:06.153374000,N,AAPL,26.88,1,26.89,2
09:34:06.155412000,N,AAPL,26.87,6,26.89,3
09:34:06.163439000,N,AAPL,26.87,7,26.89,5
09:34:06.163686000,N,AAPL,26.87,7,26.89,4
09:34:06.168020000,N,AAPL,26.87,7,26.89,5
09:34:06.174988000,N,AAPL,26.87,7,26.89,3
09:34:06.226854000,N,AAPL,26.87,7,26.89,2
09:34:06.227475000,N,AAPL,26.87,7,26.89,3
09:34:06.227616000,P,AAPL,26.88,1,26.91,4
09:34:06.227821000,N,AAPL,26.88,1,26.89,2
09:34:06.227840000,X,AAPL,25.11,1,26.95,13
09:34:06.228402000,K,AAPL,26.88,1,26.95,1
09:34:06.260149000,N,AAPL,26.88,1,26.89,3
09:34:06.263905000,N,AAPL,26.88,1,26.89,2
09:34:06.718211000,N,AAPL,26.88,1,26.89,1
09:34:07.403974000,N,AAPL,26.88,1,26.89,2
09:34:07.404079000,T,AAPL,26.86,1,26.92,2
09:34:07.404122000,N,AAPL,26.87,9,26.89,3
09:34:07.404317000,N,AAPL,26.87,8,26.89,4
09:34:07.404494000,N,AAPL,26.87,6,26.89,5
09:34:07.405183000,N,AAPL,26.87,3,26.89,4
09:34:07.413827000,N,AAPL,26.87,2,26.89,5
09:34:07.414019000,N,AAPL,26.87,2,26.89,6
09:34:07.415116000,N,AAPL,26.87,2,26.89,7
09:34:07.415222000,N,AAPL,26.87,2,26.89,6
09:34:07.430849000,N,AAPL,26.87,2,26.89,5
09:34:07.431538000,N,AAPL,26.87,2,26.89,4
09:34:07.459616000,N,AAPL,26.87,5,26.89,3
09:34:07.555816000,N,AAPL,26.87,5,26.89,2
09:34:08.131174000,K,AAPL,26.88,3,26.95,1
09:34:08.131415000,N,AAPL,26.87,6,26.89,1
09:34:08.284298000,N,AAPL,26.87,6,26.89,2
09:34:08.285019000,N,AAPL,26.87,5,26.89,3
09:34:09.005695000,N,AAPL,26.87,6,26.9,5
09:34:09.006385000,N,AAPL,26.89,2,26.9,1
09:34:09.006487000,N,AAPL,26.89,3,26.9,1
09:34:09.006642000,N,AAPL,26.89,3,26.91,3
09:34:09.006657000,P,AAPL,26.89,3,26.91,2
09:34:09.006701000,N,AAPL,26.89,3,26.91,1
09:34:09.006795000,V,AAPL,26.87,1,26.91,1
09:34:09.006813000,P,AAPL,26.89,3,26.92,2
09:34:09.006947000,P,AAPL,26.89,4,26.92,2
09:34:09.109428000,N,AAPL,26.9,1,26.91,2
09:34:09.109764000,Z,AAPL,26.89,4,26.92,2
09:34:09.109940000,T,AAPL,26.9,1,26.92,4
09:34:09.130234000,P,AAPL,26.89,4,26.92,3
09:34:09.154971000,N,AAPL,26.89,4,26.91,2
09:34:09.155050000,N,AAPL,26.89,3,26.91,2
09:34:09.155434000,B,AAPL,26.89,4,26.91,1
09:34:09.206568000,B,AAPL,26.86,4,26.91,1
09:34:09.206736000,N,AAPL,26.89,1,26.91,3
09:34:09.206860000,V,AAPL,26.88,1,26.92,1
09:34:09.211484000,N,AAPL,26.89,1,26.91,6
09:34:09.220499000,N,AAPL,26.88,6,26.9,1
09:34:09.220546000,Z,AAPL,26.88,2,26.9,6
09:34:09.220651000,Z,AAPL,26.88,2,26.9,7
09:34:09.220861000,Z,AAPL,26.88,2,26.89,1
09:34:09.220877000,Y,AAPL,26.88,1,26.9,2
09:34:09.220969000,Z,AAPL,26.88,2,26.89,2
09:34:09.221447000,Z,AAPL,26.87,2,26.89,2
09:34:09.221760000,N,AAPL,26.88,4,26.89,2
09:34:09.240905000,Z,AAPL,26.87,2,26.89,1
09:34:09.241038000,N,AAPL,26.88,4,26.89,1
09:34:09.241068000,K,AAPL,26.88,2,26.9,1
09:34:09.241297000,T,AAPL,26.85,4,26.9,1
09:34:09.241431000,P,AAPL,26.89,1,26.9,3
09:34:09.241578000,P,AAPL,26.89,2,26.9,3
09:34:09.255617000,P,AAPL,26.89,1,26.9,2
09:34:09.255753000,P,AAPL,26.88,1,26.9,2
09:34:09.255953000,P,AAPL,26.88,1,26.89,1
09:34:09.256153000,P,AAPL,26.88,1,26.89,2
09:34:09.256634000,K,AAPL,26.88,4,26.91,2
09:34:09.266942000,N,AAPL,26.88,4,26.9,6
09:34:09.267477000,K,AAPL,26.88,2,26.91,2
09:34:09.267782000,N,AAPL,26.88,2,26.89,1
09:34:09.268263000,K,AAPL,26.88,2,26.89,1
09:34:09.268511000,N,AAPL,26.88,2,26.89,2
09:34:09.268540000,P,AAPL,26.86,2,26.89,2
09:34:09.268741000,P,AAPL,26.86,2,26.89,3
09:34:09.268779000,B,AAPL,26.86,4,26.89,4
09:34:09.268923000,P,AAPL,26.86,2,26.89,5
09:34:09.362508000,P,AAPL,26.86,2,26.89,4
09:34:09.363163000,B,AAPL,26.86,4,26.93,11
09:34:09.363175000,K,AAPL,26.88,2,26.91,2
09:34:09.363457000,K,AAPL,26.87,3,26.91,2
09:34:09.363617000,N,AAPL,26.87,2,26.89,2
09:34:09.363723000,N,AAPL,26.87,4,26.89,2
09:34:09.363767000,Z,AAPL,26.86,3,26.89,3
09:34:09.363812000,N,AAPL,26.87,2,26.89,2
09:34:09.363866000,Z,AAPL,26.87,1,26.88,2
09:34:09.364030000,Z,AAPL,26.87,1,26.88,3
09:34:09.364113000,Z,AAPL,26.87,1,26.88,2
09:34:09.364291000,T,AAPL,26.85,4,26.88,3
09:34:09.364302000,K,AAPL,26.87,2,26.88,1
09:34:09.364360000,K,AAPL,26.86,3,26.88,1
09:34:09.364429000,T,AAPL,26.85,4,26.88,2
09:34:09.364547000,N,AAPL,26.86,6,26.88,3
09:34:09.365329000,N,AAPL,26.86,5,26.88,4
09:34:09.365396000,B,AAPL,26.84,1,26.88,5
09:34:09.397281000,Z,AAPL,26.86,1,26.89,4
09:34:09.397330000,N,AAPL,26.86,4,26.88,1
09:34:09.397499000,B,AAPL,26.84,1,26.93,11
09:34:09.397524000,N,AAPL,26.86,3,26.89,7
09:34:09.397601000,K,AAPL,26.86,2,26.91,2
09:34:09.397625000,N,AAPL,26.87,1,26.89,7
09:34:09.397655000,Y,AAPL,26.85,2,26.89,2
09:34:09.397791000,N,AAPL,26.87,2,26.89,7
09:34:09.425377000,N,AAPL,26.87,3,26.89,5
09:34:09.529126000,N,AAPL,26.87,2,26.89,3
09:34:09.529481000,N,AAPL,26.87,1,26.89,3
09:34:09.529877000,N,AAPL,26.87,1,26.88,2
09:34:09.530308000,N,AAPL,26.87,1,26.88,3
09:34:09.530739000,V,AAPL,26.86,1,26.9,1
09:34:09.530957000,N,AAPL,26.86,3,26.88,3
09:34:09.531602000,Z,AAPL,26.86,2,26.88,1
09:34:09.531675000,N,AAPL,26.86,2,26.88,4
09:34:09.531722000,Z,AAPL,26.85,7,26.88,1
09:34:09.531790000,N,AAPL,26.86,1,26.88,4
09:34:09.531891000,N,AAPL,26.86,1,26.88,5
09:34:09.532130000,V,AAPL,26.86,1,26.89,1
09:34:09.536403000,N,AAPL,26.86,1,26.88,6
09:34:09.537003000,N,AAPL,26.86,1,26.88,11
09:34:09.547917000,N,AAPL,26.86,1,26.88,10
09:34:09.564933000,Z,AAPL,26.86,3,26.89,2
09:34:09.564952000,Z,AAPL,26.86,5,26.89,2
09:34:10.447642000,N,AAPL,26.86,3,26.88,2
09:34:10.447792000,N,AAPL,26.86,1,26.88,2
09:34:10.448034000,N,AAPL,26.86,1,26.88,3
09:34:10.448309000,K,AAPL,26.86,1,26.91,2
09:34:10.448888000,N,AAPL,26.86,1,26.88,5
09:34:10.464555000,N,AAPL,26.86,1,26.88,5
09:34:10.564819000,Z,AAPL,26.85,6,26.88,4
09:34:10.574234000,N,AAPL,26.86,1,26.88,11
09:34:10.574441000,N,AAPL,26.86,1,26.88,12
09:34:11.144929000,Y,AAPL,26.84,2,26.87,1
09:34:11.145046000,Y,AAPL,26.84,2,26.87,2
09:34:11.164181000,T,AAPL,26.82,1,26.87,6
09:34:11.164294000,T,AAPL,26.82,1,26.87,7
09:34:11.164308000,T,AAPL,26.82,1,26.87,9
09:34:11.164542000,V,AAPL,26.85,1,26.89,1
09:34:11.349506000,T,AAPL,26.82,1,26.87,8
09:34:12.992415000,T,AAPL,26.79,26,26.87,2
09:34:12.992489000,T,AAPL,26.79,26,26.89,7
09:34:13.105611000,N,AAPL,26.86,1,26.88,12
09:34:13.105638000,Y,AAPL,26.84,2,26.88,3
09:34:13.105796000,N,AAPL,26.86,1,26.88,10
09:34:13.105904000,Z,AAPL,26.86,2,26.88,2
09:34:13.105967000,N,AAPL,26.86,2,26.88,8
09:34:13.105982000,Z,AAPL,26.86,2,26.89,3
09:34:13.106058000,N,AAPL,26.86,2,26.88,7
09:34:13.231009000,N,AAPL,26.87,1,26.88,6
09:34:14.856830000,P,AAPL,26.87,1,26.89,2
09:34:14.857182000,N,AAPL,26.87,1,26.88,7
09:34:14.857460000,V,AAPL,26.87,1,26.9,1
09:34:14.862696000,P,AAPL,26.87,1,26.89,3
09:34:14.866362000,N,AAPL,26.87,1,26.88,1
09:34:19.049228000,Z,AAPL,26.86,2,26.88,1
09:34:19.049287000,N,AAPL,26.87,1,26.89,6
09:34:19.049316000,P,AAPL,26.87,1,26.89,2
09:34:19.049398000,N,AAPL,26.87,1,26.89,4
09:34:19.049955000,N,AAPL,26.87,2,26.89,4
09:34:19.050386000,N,AAPL,26.87,3,26.89,1
09:34:19.056021000,N,AAPL,26.87,5,26.89,1
09:34:19.056067000,Z,AAPL,26.87,1,26.9,2
09:34:19.056322000,Z,AAPL,26.88,1,26.91,2
09:34:19.056435000,N,AAPL,26.87,6,26.9,1
09:34:19.056447000,N,AAPL,26.87,6,26.9,3
09:34:19.056521000,Z,AAPL,26.88,2,26.91,2
09:34:19.056571000,N,AAPL,26.87,6,26.9,4
09:34:19.056651000,Z,AAPL,26.88,2,26.9,4
09:34:19.056669000,N,AAPL,26.87,7,26.9,2
09:34:19.056713000,Z,AAPL,26.88,2,26.9,2
09:34:19.056725000,N,AAPL,26.87,8,26.9,1
09:34:19.056737000,Z,AAPL,26.88,2,26.91,2
09:34:19.157278000,N,AAPL,26.89,2,26.91,3
09:34:19.157444000,T,AAPL,26.89,2,26.91,2
09:34:19.157470000,N,AAPL,26.89,2,26.91,3
09:34:19.157551000,T,AAPL,26.89,2,26.92,1
09:34:19.157570000,N,AAPL,26.89,2,26.91,4
09:34:19.157583000,N,AAPL,26.89,2,26.91,2
09:34:19.157777000,T,AAPL,26.89,1,26.92,1
09:34:19.158255000,N,AAPL,26.89,1,26.91,1
09:34:19.158641000,V,AAPL,26.88,1,26.92,1
09:34:19.162757000,N,AAPL,26.89,1,26.9,1
09:34:19.162929000,N,AAPL,26.89,1,26.9,2
09:34:19.162999000,N,AAPL,26.89,1,26.9,3
09:34:19.173806000,N,AAPL,26.89,1,26.9,4
09:34:19.174787000,N,AAPL,26.89,1,26.9,3
09:34:19.174867000,T,AAPL,26.88,1,26.92,1
09:34:19.175829000,N,AAPL,26.88,3,26.9,3
09:34:19.186624000,B,AAPL,26.87,4,26.9,3
09:34:19.255689000,N,AAPL,26.88,1,26.9,3
09:34:19.255710000,P,AAPL,26.88,1,26.91,3
09:34:19.256426000,B,AAPL,26.86,4,26.9,3
09:34:19.256458000,Z,AAPL,26.87,4,26.9,5
09:34:19.256801000,Z,AAPL,26.88,1,26.9,3
09:34:19.256821000,T,AAPL,26.88,2,26.92,1
09:34:19.256862000,N,AAPL,26.88,1,26.9,5
09:34:19.256960000,N,AAPL,26.88,1,26.9,6
09:34:19.355664000,N,AAPL,26.88,1,26.9,4
09:34:19.356460000,T,AAPL,26.88,1,26.9,4
09:34:19.356750000,V,AAPL,26.87,1,26.91,1
09:34:21.389850000,N,AAPL,26.88,1,26.89,1
09:34:21.389954000,N,AAPL,26.87,6,26.89,1
09:34:21.389970000,N,AAPL,26.87,6,26.89,2
09:34:21.390016000,T,AAPL,26.86,3,26.92,1
09:34:21.390258000,N,AAPL,26.87,2,26.89,3
09:34:21.390372000,N,AAPL,26.87,1,26.89,4
09:34:21.390398000,V,AAPL,26.87,1,26.9,1
09:34:21.390412000,N,AAPL,26.87,1,26.89,5
09:34:21.390440000,V,AAPL,26.86,1,26.9,1
09:34:21.395919000,B,AAPL,26.85,5,26.88,4
09:34:21.503764000,B,AAPL,26.85,5,26.93,11
09:34:21.503873000,N,AAPL,26.87,1,26.88,1
09:34:21.504318000,N,AAPL,26.87,2,26.89,8
09:34:21.504799000,Y,AAPL,26.85,2,26.89,6
09:34:21.505552000,N,AAPL,26.87,3,26.89,4
09:34:21.506056000,Z,AAPL,26.86,5,26.89,3
09:34:21.510986000,N,AAPL,26.87,3,26.89,3
09:34:21.572026000,N,AAPL,26.87,2,26.89,3
09:34:21.589923000,T,AAPL,26.81,3,26.89,2
09:34:24.401200000,P,AAPL,26.87,4,26.89,2
09:34:24.401513000,N,AAPL,26.87,2,26.89,2
09:34:24.401636000,Y,AAPL,26.86,2,26.89,1
09:34:24.401754000,N,AAPL,26.87,3,26.9,7
09:34:24.401783000,P,AAPL,26.87,4,26.91,3
09:34:24.402447000,Z,AAPL,26.87,4,26.9,4
09:34:24.402476000,N,AAPL,26.88,1,26.9,3
09:34:24.402537000,N,AAPL,26.88,2,26.9,3
09:34:24.402588000,Z,AAPL,26.87,4,26.9,2
09:34:24.402636000,N,AAPL,26.88,2,26.9,2
09:34:24.402684000,Z,AAPL,26.87,4,26.91,3
09:34:24.403015000,N,AAPL,26.88,2,26.91,3
09:34:24.403816000,N,AAPL,26.88,1,26.91,6
09:34:24.403885000,N,AAPL,26.88,1,26.9,1
09:34:24.444954000,N,AAPL,26.9,1,26.91,4
09:34:24.445066000,Z,AAPL,26.89,2,26.91,3
09:34:24.450864000,N,AAPL,26.89,3,26.9,1
09:34:24.451076000,Z,AAPL,26.89,2,26.9,1
09:34:24.456412000,T,AAPL,26.88,1,26.9,1
09:34:24.456552000,N,AAPL,26.89,4,26.91,3
09:34:24.646089000,N,AAPL,26.89,3,26.91,3
09:34:24.646280000,T,AAPL,26.88,1,26.92,1
09:34:24.646421000,Z,AAPL,26.89,5,26.92,2
09:34:24.646811000,N,AAPL,26.89,4,26.92,3
09:34:24.647061000,N,AAPL,26.89,4,26.92,4
09:34:24.770769000,N,AAPL,26.89,3,26.91,1
09:34:24.770970000,N,AAPL,26.89,3,26.91,2
09:34:24.771086000,N,AAPL,26.89,3,26.91,3
09:34:24.771101000,N,AAPL,26.89,3,26.91,5
09:34:24.771123000,Z,AAPL,26.89,3,26.92,6
09:34:24.772700000,N,AAPL,26.89,1,26.91,6
09:34:24.772822000,N,AAPL,26.89,1,26.91,8
09:34:24.773160000,N,AAPL,26.89,1,26.91,7
09:34:24.773364000,Z,AAPL,26.89,1,26.91,1
09:34:24.773423000,N,AAPL,26.89,1,26.91,7
09:34:24.796246000,N,AAPL,26.89,1,26.9,1
09:34:24.796422000,N,AAPL,26.89,1,26.9,2
09:34:24.796496000,N,AAPL,26.89,1,26.9,3
09:34:24.807475000,N,AAPL,26.89,1,26.9,4
09:34:24.808081000,Z,AAPL,26.89,1,26.91,5
09:34:24.819558000,N,AAPL,26.89,1,26.9,3
09:34:25.508493000,Z,AAPL,26.88,2,26.91,5
09:34:25.508693000,N,AAPL,26.88,1,26.9,5
09:34:25.508851000,N,AAPL,26.87,6,26.9,6
09:34:25.508891000,P,AAPL,26.87,3,26.89,1
09:34:25.509204000,P,AAPL,26.87,2,26.89,2
09:34:25.509348000,N,AAPL,26.87,3,26.89,3
09:34:25.509387000,N,FB,26.87,1,26.89,4
09:34:25.509460000,N,FB,26.87,3,26.89,5
09:34:25.509514000,Z,FB,26.87,3,26.89,3
09:34:25.509588000,K,FB,26.87,2,26.89,1
09:34:25.509719000,N,FB,26.87,1,26.89,6
09:34:25.509761000,B,FB,26.85,5,26.9,3
09:34:25.509775000,Z,FB,26.87,1,26.89,4
09:34:25.509974000,K,FB,26.87,1,26.89,1
09:34:25.510335000,V,FB,26.86,1,26.9,1
09:34:25.513680000,N,FB,26.87,1,26.89,5
09:34:25.571173000,N,FB,26.88,2,26.89,4
09:34:25.571641000,T,FB,26.86,2,26.89,4
09:34:25.571950000,N,FB,26.88,2,26.89,3
09:34:25.572028000,T,FB,26.86,2,26.89,3
09:34:25.572061000,B,FB,26.86,3,26.94,11
09:34:25.572620000,T,FB,26.86,2,26.89,1
09:34:25.572683000,N,FB,26.88,3,26.9,9
09:34:25.708528000,P,FB,26.86,4,26.9,3
09:34:25.708753000,N,FB,26.88,2,26.9,9
09:34:25.709358000,T,FB,26.86,2,26.9,1
09:34:26.164764000,N,FB,26.89,2,26.9,4
09:34:26.164804000,Z,FB,26.89,1,26.9,2
09:34:26.164992000,N,FB,26.89,3,26.9,2
09:34:26.165011000,T,FB,26.89,1,26.9,2
09:34:26.165029000,N,FB,26.89,3,26.9,1
09:34:26.165085000,T,FB,26.89,1,26.9,1
09:34:26.169419000,N,FB,26.89,4,26.91,4
09:34:26.169507000,P,FB,26.89,1,26.91,2
09:34:26.169602000,P,FB,26.9,1,26.91,2
09:34:26.169622000,N,FB,26.89,3,26.91,2
09:34:26.169813000,P,FB,26.9,2,26.92,4
09:34:26.170178000,T,FB,26.89,1,26.91,1
09:34:26.170310000,J,FB,26.88,1,26.95,1
09:34:26.170345000,T,FB,26.9,1,26.91,1
09:34:26.170379000,P,FB,26.9,4,26.92,4
09:34:26.170528000,N,FB,26.9,2,26.92,5
09:34:26.170541000,P,FB,26.91,1,26.92,4
09:34:26.170699000,N,FB,26.9,2,26.92,6
09:34:26.170758000,N,FB,26.9,2,26.92,4
09:34:26.170758000,P,FB,26.91,1,26.92,3
09:34:26.171458000,P,FB,26.9,4,26.92,1
09:34:26.171553000,N,FB,26.91,1,26.92,2
09:34:26.171837000,Z,FB,26.91,1,26.92,7
09:34:26.171991000,Z,FB,26.91,1,26.92,8
09:34:26.171991000,Z,FB,26.91,1,26.92,10
09:34:26.172120000,T,FB,26.9,2,26.92,1
09:34:26.172339000,Z,FB,26.91,1,26.92,3
09:34:26.172480000,Z,FB,26.91,1,26.92,1
09:34:26.181622000,N,FB,26.9,2,26.92,2
09:34:26.181647000,B,FB,26.88,3,26.92,4
09:34:26.181977000,K,FB,26.9,3,26.95,1
09:34:26.182000000,Z,FB,26.88,2,26.93,4
09:34:26.182054000,K,FB,26.9,1,26.95,1
09:34:26.182070000,N,FB,26.89,2,26.92,2
09:34:26.182136000,P,FB,26.89,1,26.93,3
09:34:26.182302000,N,FB,26.89,2,26.92,5
09:34:26.182367000,K,FB,26.89,3,26.95,1
09:34:26.182400000,N,FB,26.89,2,26.92,3
09:34:26.182758000,Z,FB,26.88,2,26.92,5
09:34:26.182780000,Z,FB,26.88,2,26.92,6
09:34:26.182820000,N,FB,26.89,2,26.91,1
09:34:26.183023000,K,FB,26.89,2,26.95,1
09:34:26.183093000,N,FB,26.89,2,26.91,2
09:34:26.183136000,K,FB,26.88,1,26.95,1
09:34:26.183946000,N,FB,26.89,1,26.91,3
09:34:26.184936000,V,FB,26.88,1,26.92,1
09:34:26.192237000,N,FB,26.88,4,26.9,1
09:34:26.192408000,N,FB,26.88,4,26.9,2
09:34:26.192481000,N,FB,26.88,4,26.9,3
09:34:26.203261000,N,FB,26.88,4,26.9,4
09:34:26.203362000,N,FB,26.88,4,26.89,1
09:34:26.203481000,T,FB,26.86,2,26.92,5
09:34:26.208602000,N,FB,26.88,3,26.89,1
09:34:26.208932000,N,FB,26.88,4,26.9,4
09:34:26.221354000,N,FB,26.88,2,26.9,8
09:34:26.238188000,N,FB,26.88,2,26.89,2
09:34:26.242246000,N,FB,26.88,1,26.89,2
09:34:26.329643000,N,FB,26.88,1,26.89,2
09:34:26.329772000,B,FB,26.86,3,26.91,3
09:34:26.329933000,X,FB,26.81,106,26.95,13
09:34:26.403556000,N,FB,26.88,1,26.89,1
09:34:26.414991000,N,FB,26.88,2,26.9,10
09:34:26.415535000,Y,FB,26.86,2,26.9,3
09:34:26.421001000,T,FB,26.86,2,26.89,3
09:34:26.421069000,T,FB,26.86,2,26.89,4
09:34:26.562115000,N,FB,26.88,2,26.9,4
09:34:26.562232000,T,FB,26.86,2,26.89,3
09:34:26.563875000,N,FB,26.88,1,26.89,2
09:34:26.564093000,V,FB,26.87,1,26.91,1
09:34:26.758249000,T,FB,26.86,2,26.92,1
09:34:26.760858000,N,FB,26.88,2,26.9,9
09:34:26.760963000,N,FB,26.88,3,26.9,9
09:34:26.761314000,Y,FB,26.86,2,26.9,2
09:34:26.762449000,Z,FB,26.88,5,26.91,3
09:34:28.457449000,N,FB,26.88,5,26.9,2
09:34:28.457559000,Z,FB,26.88,5,26.9,1
09:34:28.457624000,T,FB,26.87,2,26.9,3
09:34:28.457692000,N,FB,26.88,5,26.9,3
09:34:28.457727000,T,FB,26.87,2,26.9,4
09:34:28.457751000,Z,FB,26.88,4,26.9,1
09:34:28.457815000,N,FB,26.88,3,26.9,4
09:34:28.458405000,Z,FB,26.88,2,26.9,1
09:34:28.458474000,K,FB,26.88,2,26.9,1
09:34:28.458836000,T,FB,26.87,1,26.9,4
09:34:28.492072000,N,FB,26.88,1,26.89,3
09:34:28.502576000,N,FB,26.88,1,26.89,4
09:34:28.514108000,N,FB,26.88,1,26.89,3
09:34:30.419608000,N,FB,26.88,1,26.89,2
09:34:31.662097000,N,FB,26.88,1,26.89,1
09:34:31.663131000,N,FB,26.88,2,26.89,1
09:34:31.663300000,Y,FB,26.87,1,26.89,1
09:34:31.663368000,N,FB,26.88,3,26.89,1
09:34:31.663403000,Y,FB,26.87,1,26.9,3
09:34:31.663653000,N,FB,26.88,3,26.9,3
09:34:31.663689000,P,FB,26.88,1,26.9,1
09:34:31.663861000,N,FB,26.88,4,26.91,7
09:34:31.664007000,N,FB,26.89,1,26.91,7
09:34:31.664285000,N,FB,26.89,2,26.91,7
09:34:31.861826000,N,FB,26.89,1,26.9,2
09:34:31.861930000,N,FB,26.88,3,26.9,2
09:34:31.862187000,Z,FB,26.88,5,26.9,1
09:34:31.862316000,T,FB,26.88,4,26.9,3
09:34:31.862348000,N,FB,26.88,3,26.9,3
09:34:31.862592000,P,FB,26.88,5,26.9,1
09:34:31.862719000,T,FB,26.89,1,26.9,3
09:34:31.862738000,N,FB,26.88,5,26.9,3
09:34:31.862792000,T,FB,26.89,2,26.9,3
09:34:31.862810000,N,FB,26.88,5,26.9,4
09:34:31.956174000,N,FB,26.88,3,26.9,3
09:34:37.609273000,N,FB,26.88,5,26.89,1
09:34:37.609448000,T,FB,26.88,3,26.9,3
09:34:37.609468000,P,FB,26.88,4,26.9,1
09:34:37.609481000,K,FB,26.88,4,26.89,1
09:34:37.609495000,N,FB,26.88,3,26.89,2
09:34:37.609584000,T,FB,26.88,3,26.89,3
09:34:37.609600000,T,FB,26.88,3,26.89,4
09:34:37.609621000,P,FB,26.88,2,26.9,1
09:34:37.609678000,T,FB,26.88,3,26.89,5
09:34:37.609765000,K,FB,26.88,3,26.89,1
09:34:37.610058000,T,FB,26.88,1,26.89,5
09:34:37.610123000,N,FB,26.88,1,26.89,6
09:34:37.610382000,P,FB,26.88,1,26.89,2
09:34:37.610995000,N,FB,26.88,1,26.89,5
09:34:37.611090000,T,FB,26.88,1,26.89,4
09:34:37.611090000,N,FB,26.88,1,26.89,3
09:34:37.611137000,T,FB,26.88,1,26.89,3
09:34:37.611209000,K,FB,26.88,1,26.92,2
09:34:37.611279000,X,FB,26.81,106,26.89,2
09:34:37.611838000,N,FB,26.88,2,26.9,8
09:34:37.611838000,N,FB,26.88,3,26.9,8
09:34:37.614412000,B,FB,26.86,3,26.9,3
09:34:37.616284000,N,FB,26.88,2,26.89,2
09:34:37.734867000,N,FB,26.88,3,26.89,1
09:34:37.734945000,N,FB,26.88,4,26.89,1
09:34:37.798874000,N,FB,26.88,3,26.89,1
09:34:37.799510000,N,FB,26.88,2,26.89,1
09:34:37.809400000,N,FB,26.88,3,26.89,1
09:34:37.809447000,T,FB,26.88,1,26.89,2
09:34:37.809551000,T,FB,26.88,1,26.9,3
09:34:38.006275000,N,FB,26.89,3,26.9,2
09:34:38.006704000,N,FB,26.89,4,26.9,2
09:34:38.006979000,N,FB,26.89,5,26.9,2
09:34:38.008424000,N,FB,26.89,4,26.9,2
09:34:38.011352000,N,FB,26.89,3,26.9,2
09:34:38.089106000,P,FB,26.89,2,26.92,4
09:34:38.089832000,T,FB,26.89,1,26.9,3
09:34:38.207034000,V,FB,26.88,1,26.92,1
09:34:38.207581000,N,FB,26.88,5,26.9,3
09:34:38.207977000,N,FB,26.88,4,26.9,3
09:34:38.208286000,N,FB,26.88,2,26.9,3
09:34:38.208376000,N,FB,26.88,2,26.89,1
09:34:38.208410000,P,FB,26.88,1,26.91,3
09:34:38.208593000,N,FB,26.88,2,26.89,2
09:34:38.208608000,K,FB,26.88,2,26.91,1
09:34:38.208684000,Z,FB,26.87,5,26.91,5
09:34:38.322375000,N,FB,26.88,2,26.89,1
09:34:38.322947000,N,FB,26.88,3,26.89,1
09:34:38.323074000,X,FB,26.81,106,26.95,13
09:34:38.323125000,T,FB,26.88,1,26.9,3
09:34:38.324795000,N,FB,26.89,1,26.9,3
09:34:38.325089000,N,FB,26.89,2,26.9,3
09:34:38.325643000,T,FB,26.89,1,26.9,3
09:34:38.325754000,N,FB,26.89,2,26.9,2
09:34:38.325848000,N,FB,26.89,2,26.9,2
09:34:38.649732000,T,FB,26.89,1,26.9,3
09:34:38.649852000,B,FB,26.86,3,26.92,4
09:34:38.649872000,T,FB,26.88,1,26.9,3
09:34:38.650426000,T,FB,26.88,1,26.89,1
09:34:38.650935000,N,FB,26.88,2,26.9,4
09:34:38.755815000,N,FB,26.88,2,26.89,1
09:34:38.756343000,N,FB,26.88,3,26.89,1
09:34:38.756571000,X,FB,26.81,106,26.95,13
09:34:38.764274000,N,FB,26.89,2,26.9,3
09:34:38.764777000,T,FB,26.89,1,26.9,3
09:34:38.764929000,N,FB,26.89,2,26.9,2
09:34:38.767025000,T,FB,26.89,1,26.9,3
09:34:38.774334000,N,FB,26.89,1,26.9,2
09:34:38.774937000,K,FB,26.88,4,26.92,2
09:34:38.774958000,Z,FB,26.88,4,26.91,4
09:34:38.775364000,V,FB,26.88,1,26.92,1
09:34:38.775733000,N,FB,26.88,4,26.9,3
09:34:38.775923000,N,FB,26.88,2,26.9,3
09:34:38.776559000,T,FB,26.88,1,26.89,1
09:34:38.777061000,K,FB,26.88,1,26.92,2
09:34:39.005777000,N,FB,26.89,1,26.9,5
09:34:39.005804000,T,FB,26.88,1,26.9,3
09:34:39.005942000,N,FB,26.89,2,26.9,3
09:34:39.006015000,T,FB,26.89,2,26.9,3
09:34:39.006039000,T,FB,26.89,3,26.9,3
09:34:39.006058000,T,FB,26.89,4,26.9,3
09:34:39.006072000,N,FB,26.89,2,26.9,3
09:34:39.007497000,T,FB,26.89,4,26.9,3
09:34:39.010855000,N,FB,26.89,3,26.9,2
09:34:39.016544000,P,FB,26.89,2,26.91,2
09:34:39.016730000,N,FB,26.89,1,26.9,4
09:34:39.016763000,T,FB,26.89,2,26.9,3
09:34:39.016871000,T,FB,26.89,1,26.9,3
09:34:39.016920000,N,FB,26.88,4,26.9,5
09:34:39.017448000,V,FB,26.88,1,26.92,1
09:34:39.018403000,K,FB,26.88,1,26.89,1
09:34:39.018739000,T,FB,26.88,1,26.89,2
09:34:39.018845000,T,FB,26.88,1,26.89,3
09:34:39.018845000,T,FB,26.88,1,26.89,4
09:34:39.019233000,T,FB,26.88,1,26.89,3
09:34:39.021820000,N,FB,26.88,1,26.9,5
09:34:39.021868000,N,FB,26.88,1,26.89,4
09:34:39.021906000,K,FB,26.88,1,26.92,2
09:34:39.022142000,N,FB,26.88,1,26.89,3
09:34:39.022422000,N,FB,26.88,1,26.89,4
09:34:39.024917000,P,FB,26.87,2,26.89,1
09:34:39.025118000,T,FB,26.86,3,26.89,3
09:34:39.025182000,N,FB,26.87,4,26.89,5
09:34:39.025258000,K,FB,26.87,3,26.92,2
09:34:39.025325000,N,FB,26.87,3,26.89,6
09:34:39.025389000,P,FB,26.87,2,26.88,2
09:34:39.025463000,K,FB,26.87,3,26.89,1
09:34:39.025533000,N,FB,26.87,3,26.89,7
09:34:39.025576000,P,FB,26.87,1,26.88,3
09:34:39.025590000,K,FB,26.87,3,26.89,2
09:34:39.025811000,N,FB,26.87,4,26.89,7
09:34:39.025952000,Z,FB,26.86,3,26.88,4
09:34:39.026147000,N,FB,26.87,3,26.88,2
09:34:39.029696000,Z,FB,26.86,3,26.88,3
09:34:39.052686000,T,FB,26.82,10,26.88,2
09:34:39.052833000,N,FB,26.87,4,26.89,6
09:34:39.053057000,N,FB,26.87,5,26.89,6
09:34:39.097672000,N,FB,26.87,4,26.89,5
09:34:39.097858000,N,FB,26.87,2,26.89,5
09:34:39.098096000,N,FB,26.87,1,26.89,5
09:34:39.225455000,T,FB,26.82,3,26.88,1
09:34:39.225524000,N,FB,26.87,2,26.89,5
09:34:39.225584000,T,FB,26.82,3,26.89,3
09:34:41.233625000,N,FB,26.87,1,26.89,3
09:34:41.317021000,N,FB,26.87,1,26.89,4
09:34:46.306656000,N,FB,26.86,4,26.89,5
09:34:46.306726000,N,FB,26.86,4,26.88,1
09:34:46.307032000,Z,FB,26.86,3,26.88,2
09:34:46.307146000,Z,FB,26.86,3,26.88,3
09:34:46.307344000,V,FB,26.86,1,26.9,1
09:34:46.307390000,Z,FB,26.86,2,26.88,3
09:34:46.307474000,N,FB,26.86,4,26.88,2
09:34:46.307538000,B,FB,26.84,1,26.88,3
09:34:46.307737000,N,FB,26.86,1,26.88,4
09:34:46.307795000,V,FB,26.85,1,26.89,1
09:34:46.308273000,N,FB,26.85,5,26.88,4
09:34:46.308472000,N,FB,26.85,5,26.88,5
09:34:46.308771000,N,FB,26.85,6,26.88,3
09:34:46.309005000,Z,FB,26.85,5,26.88,2
09:34:46.309107000,T,FB,26.83,8,26.88,4
09:34:46.309259000,T,FB,26.83,8,26.88,6
09:34:46.322706000,N,FB,26.85,6,26.88,6
09:34:46.322726000,T,FB,26.83,3,26.88,4
09:34:46.323074000,V,FB,26.86,1,26.89,1
09:34:47.808085000,Z,FB,26.86,5,26.89,5
09:34:47.808099000,N,FB,26.86,4,26.88,5
09:34:47.810375000,N,FB,26.87,2,26.89,3
09:34:47.810477000,N,FB,26.87,3,26.89,3
09:34:47.810535000,N,FB,26.88,1,26.89,3
09:34:47.810675000,N,FB,26.88,2,26.89,3
09:34:47.810911000,Z,FB,26.86,5,26.89,1
09:34:47.955601000,N,FB,26.88,2,26.9,3
09:34:47.956264000,Z,FB,26.88,3,26.91,2
09:34:47.956358000,Z,FB,26.88,5,26.91,2
09:34:47.957639000,N,FB,26.88,6,26.9,1
09:34:50.218294000,Z,FB,26.88,7,26.92,3
09:34:50.218371000,Z,FB,26.88,8,26.92,3
09:34:50.627810000,N,FB,26.88,6,26.9,5
09:34:54.055359000,N,FB,26.88,6,26.89,1
09:34:54.055936000,Z,FB,26.88,7,26.92,3
09:34:54.056258000,Z,FB,26.88,6,26.91,5
09:34:54.056674000,N,FB,26.88,2,26.9,5
09:34:54.057280000,Z,FB,26.88,4,26.91,5
09:34:54.058635000,N,FB,26.88,3,26.9,4
09:34:54.059224000,Z,FB,26.88,6,26.91,5
09:34:54.952984000,N,FB,26.88,3,26.9,5
09:34:56.994559000,N,FB,26.88,2,26.9,6
09:34:57.963550000,Z,FB,26.88,4,26.91,5
09:35:00.314952000,N,FB,26.88,3,26.9,5
09:35:00.510395000,N,FB,26.88,3,26.9,6
09:35:00.763758000,N,FB,26.88,3,26.9,5
09:35:00.984761000,N,FB,26.88,3,26.9,6
09:35:01.383732000,N,FB,26.88,3,26.9,5
09:35:01.500518000,N,FB,26.88,3,26.9,6
09:35:04.064762000,N,FB,26.88,3,26.9,5
09:35:04.934165000,N,FB,26.88,3,26.9,6
09:35:05.113364000,N,FB,26.88,3,26.9,5
09:35:05.152238000,N,FB,26.88,2,26.9,6
09:35:05.152357000,N,FB,26.87,7,26.9,8
09:35:05.152392000,N,FB,26.87,7,26.89,1
09:35:05.152447000,Z,FB,26.88,2,26.9,3
09:35:05.152606000,N,FB,26.87,3,26.89,2
09:35:05.152727000,N,FB,26.87,3,26.89,1
09:35:05.457864000,N,FB,26.87,3,26.9,10
09:35:05.458558000,N,FB,26.89,1,26.9,6
09:35:05.458578000,P,FB,26.89,1,26.9,2
09:35:05.458674000,N,FB,26.89,1,26.9,5
09:35:05.458694000,P,FB,26.89,1,26.9,1
09:35:05.458730000,K,FB,26.89,1,26.92,2
09:35:05.458854000,N,FB,26.89,1,26.9,4
09:35:05.463341000,N,FB,26.89,1,26.9,4
09:35:05.469850000,P,FB,26.88,2,26.91,3
09:35:05.470084000,N,FB,26.88,4,26.9,5
09:35:05.470218000,Z,FB,26.88,6,26.91,4
09:35:05.470322000,Z,FB,26.88,4,26.91,4
09:35:05.470371000,N,FB,26.88,4,26.9,6
09:35:05.668841000,Z,FB,26.88,2,26.91,4
09:35:06.197258000,Z,FB,26.88,4,26.91,4
09:35:06.197355000,Z,FB,26.88,6,26.91,4
09:35:06.197476000,N,FB,26.88,5,26.9,4
09:35:19.432714000,N,FB,26.88,7,26.91,5
09:35:19.432971000,N,FB,26.89,1,26.91,5
09:35:19.433142000,N,FB,26.89,2,26.91,4
09:35:19.433243000,N,FB,26.89,3,26.91,3
09:35:19.433271000,T,FB,26.85,2,26.92,1
09:35:19.433670000,T,FB,26.9,1,26.92,1
09:35:19.433744000,N,FB,26.89,8,26.91,3
09:35:19.433774000,T,FB,26.9,2,26.92,1
09:35:19.434832000,N,FB,26.9,3,26.91,1
09:35:19.434832000,P,FB,26.9,3,26.94,1
09:35:19.436154000,N,FB,26.9,3,26.93,10
09:35:19.436898000,P,FB,26.9,3,26.92,1
09:35:19.436928000,N,FB,26.9,2,26.92,1
09:35:19.445233000,P,FB,26.9,1,26.92,1
09:35:19.446306000,Y,FB,26.89,2,26.92,5
09:35:19.479109000,N,FB,26.89,8,26.92,3
09:35:19.479231000,N,FB,26.89,9,26.92,3
09:35:19.479660000,Y,FB,26.89,2,26.92,3
09:35:19.489916000,N,FB,26.89,8,26.92,3
09:35:19.490198000,N,FB,26.89,6,26.92,3
09:35:19.603051000,N,FB,26.89,8,26.92,2
09:35:19.655608000,N,FB,26.89,6,26.92,2
09:35:21.621914000,N,FB,26.89,13,26.92,2
09:35:21.622672000,N,FB,26.89,15,26.92,2
09:35:21.623036000,K,FB,26.88,3,26.92,2
09:35:21.623181000,N,FB,26.9,1,26.92,1
09:35:21.623407000,N,FB,26.9,2,26.92,1
09:35:21.623495000,N,FB,26.9,3,26.92,1
09:35:21.624016000,Z,FB,26.9,5,26.94,3
09:35:21.624740000,N,FB,26.9,6,26.92,1
09:35:21.624852000,N,FB,26.9,8,26.93,4
09:35:21.625397000,N,FB,26.91,1,26.93,2
09:35:21.625579000,N,FB,26.91,2,26.93,2
09:35:23.279836000,P,FB,26.91,3,26.94,1
09:35:23.280411000,Z,FB,26.91,4,26.94,3
09:35:23.423606000,Z,FB,26.91,3,26.94,3
09:35:23.423772000,P,FB,26.91,2,26.94,1
09:35:26.041627000,K,FB,26.9,4,26.95,4
09:35:26.042082000,N,FB,26.92,1,26.93,1
09:35:26.042390000,N,FB,26.92,1,26.94,5
09:35:26.042498000,B,FB,26.86,3,26.95,11
09:35:26.043054000,N,FB,26.92,2,26.94,1
09:35:26.043103000,Z,FB,26.92,3,26.95,4
09:35:26.043228000,Z,FB,26.92,5,26.95,4
09:35:26.043337000,V,FB,26.91,1,26.95,1
09:35:26.044739000,N,FB,26.92,2,26.94,2
09:35:26.061548000,N,FB,26.92,1,26.94,3
09:35:26.071376000,N,FB,26.92,1,26.94,4
09:35:26.080112000,N,FB,26.92,1,26.94,5
09:35:26.080344000,N,FB,26.92,1,26.94,6
09:35:26.080769000,Z,FB,26.92,1,26.95,4
09:35:26.081083000,K,FB,26.91,2,26.95,1
09:35:26.089500000,N,FB,26.91,6,26.93,1
09:35:26.089580000,N,FB,26.91,6,26.93,2
09:35:26.089643000,T,FB,26.91,1,26.97,2
09:35:26.089758000,P,FB,26.91,2,26.92,1
09:35:26.089837000,N,FB,26.91,4,26.93,4
09:35:26.089943000,N,FB,26.91,3,26.93,4
09:35:26.090003000,P,FB,26.91,2,26.92,2
09:35:26.090034000,Z,FB,26.91,1,26.93,3
09:35:26.090229000,Y,FB,26.91,1,26.94,3
09:35:26.090302000,N,FB,26.91,2,26.92,3
09:35:26.092670000,N,FB,26.91,9,26.92,3
09:35:26.092670000,T,FB,26.88,5,26.92,3
09:35:26.094686000,N,FB,26.91,9,26.92,2
09:35:26.094817000,N,FB,26.91,7,26.92,2
09:35:26.095357000,T,FB,26.88,8,26.92,2
09:35:26.095394000,N,FB,26.91,8,26.92,2
09:35:26.095690000,X,FB,25.11,1,26.99,46
09:35:26.803547000,N,FB,26.91,8,26.93,6
09:35:26.804325000,N,FB,26.91,7,26.93,6
09:35:28.799210000,N,FB,26.91,7,26.93,4
09:35:28.799700000,Z,FB,26.9,2,26.93,2
09:35:30.650937000,Z,FB,26.92,5,26.95,4
09:35:30.654381000,N,FB,26.92,5,26.94,4
09:35:30.654492000,N,FB,26.92,5,26.94,3
09:35:30.654670000,N,FB,26.92,4,26.94,2
09:35:30.667972000,N,FB,26.92,5,26.94,2
09:35:35.607521000,N,FB,26.92,5,26.95,7
09:35:35.730000000,N,FB,26.92,4,26.95,4
09:35:37.094080000,N,FB,26.93,1,26.95,1
09:35:39.003905000,N,FB,26.92,4,26.95,4
09:35:39.004245000,N,FB,26.92,3,26.94,1
09:35:39.004412000,N,FB,26.92,2,26.94,2
09:35:39.004521000,N,FB,26.92,2,26.94,3
09:35:39.004539000,N,FB,26.92,2,26.94,5
09:35:39.004620000,N,FB,26.92,2,26.94,3
09:35:39.004723000,N,FB,26.92,2,26.94,4
09:35:39.004828000,N,FB,26.92,2,26.94,3
09:35:39.011344000,Z,FB,26.92,4,26.95,5
09:35:39.011438000,Z,FB,26.92,2,26.95,5
09:35:39.013263000,K,FB,26.92,1,26.95,1
09:35:39.013390000,Y,FB,26.92,1,26.94,1
09:35:39.013505000,N,FB,26.91,13,26.93,1
09:35:39.013672000,N,FB,26.91,13,26.93,2
09:35:39.013849000,N,FB,26.91,11,26.93,3
09:35:39.016435000,K,FB,26.91,1,26.95,1
09:35:39.036496000,N,FB,26.91,8,26.92,2
09:35:39.036791000,T,FB,26.9,2,26.92,1
09:35:39.037199000,V,FB,26.89,1,26.93,1
09:35:39.196653000,N,FB,26.91,8,26.93,9
09:35:39.196773000,T,FB,26.9,2,26.93,2
09:35:43.399924000,N,FB,26.91,8,26.93,1
09:35:43.400046000,N,FB,26.91,9,26.93,1
09:35:43.400413000,V,FB,26.9,1,26.94,1
09:35:43.400527000,N,FB,26.91,11,26.94,4
09:35:43.400798000,Z,FB,26.91,5,26.94,2
09:35:43.401142000,N,FB,26.91,13,26.94,1
