Symbol,Datetime,Price,Volume
000001,2018.09.03T09:30:06,10.13,4500
000001,2018.09.03T09:30:06,10.13,100
000001,2018.09.03T09:30:06,10.13,1560
000001,2018.09.03T09:30:06,10.13,1000
000001,2018.09.03T09:30:06,10.13,240
000001,2018.09.03T09:30:06,10.13,100
000001,2018.09.03T09:30:06,10.12,100
000001,2018.09.03T09:30:07,10.12,3500
000001,2018.09.03T09:30:07,10.12,100
000001,2018.09.03T09:30:07,10.12,100
000001,2018.09.03T09:30:07,10.11,2000
000001,2018.09.03T09:30:07,10.1,1300
000001,2018.09.03T09:30:07,10.1,9500
000001,2018.09.03T09:30:08,10.12,200
000001,2018.09.03T09:30:08,10.12,400
000001,2018.09.03T09:30:09,10.1,1100
000001,2018.09.03T09:30:09,10.12,100
000001,2018.09.03T09:30:09,10.12,3100
000001,2018.09.03T09:30:09,10.12,600
000001,2018.09.03T09:30:13,10.11,2100
000001,2018.09.03T09:30:13,10.11,500
000001,2018.09.03T09:30:13,10.12,300
000001,2018.09.03T09:30:13,10.11,100
000001,2018.09.03T09:30:13,10.11,500
000001,2018.09.03T09:30:13,10.12,500
000001,2018.09.03T09:30:13,10.12,4100
000001,2018.09.03T09:30:13,10.11,5300
000001,2018.09.03T09:30:13,10.12,6000
000001,2018.09.03T09:30:13,10.12,300
000001,2018.09.03T09:30:14,10.12,500
000001,2018.09.03T09:30:14,10.12,2000
000001,2018.09.03T09:30:15,10.12,1200
000001,2018.09.03T09:30:15,10.12,300
000001,2018.09.03T09:30:16,10.12,400
000001,2018.09.03T09:30:17,10.13,1000
000001,2018.09.03T09:30:17,10.13,240
000001,2018.09.03T09:30:17,10.13,160
000001,2018.09.03T09:30:17,10.13,400
000001,2018.09.03T09:30:17,10.12,30000
000001,2018.09.03T09:30:18,10.12,400
000001,2018.09.03T09:30:19,10.13,19040
000001,2018.09.03T09:30:19,10.13,460
000001,2018.09.03T09:30:19,10.13,400
000001,2018.09.03T09:30:19,10.12,500
000001,2018.09.03T09:30:20,10.12,1200
000001,2018.09.03T09:30:20,10.12,2400
000001,2018.09.03T09:30:20,10.12,2500
000001,2018.09.03T09:30:20,10.13,960
000001,2018.09.03T09:30:20,10.13,140
000001,2018.09.03T09:30:21,10.13,9860
000001,2018.09.03T09:30:21,10.13,3000
000001,2018.09.03T09:30:21,10.13,1600
000001,2018.09.03T09:30:21,10.13,400
000001,2018.09.03T09:30:21,10.13,1940
000001,2018.09.03T09:30:22,10.13,18060
000001,2018.09.03T09:30:22,10.13,2440
000001,2018.09.03T09:30:22,10.13,1200
000001,2018.09.03T09:30:22,10.13,60
000001,2018.09.03T09:30:22,10.13,2040
000001,2018.09.03T09:30:22,10.13,4700
000001,2018.09.03T09:30:23,10.13,1260
000001,2018.09.03T09:30:24,10.14,700
000001,2018.09.03T09:30:24,10.14,500
000001,2018.09.03T09:30:24,10.14,200
000001,2018.09.03T09:30:24,10.14,900
000001,2018.09.03T09:30:24,10.13,1600
000001,2018.09.03T09:30:24,10.12,98400
000001,2018.09.03T09:30:26,10.14,2000
000001,2018.09.03T09:30:26,10.14,1000
000001,2018.09.03T09:30:26,10.14,4400
000001,2018.09.03T09:30:26,10.14,400
000001,2018.09.03T09:30:26,10.14,2000
000001,2018.09.03T09:30:26,10.14,5000
000001,2018.09.03T09:30:26,10.14,15000
000001,2018.09.03T09:30:27,10.14,2800
000001,2018.09.03T09:30:27,10.14,100
000001,2018.09.03T09:30:27,10.14,400
000001,2018.09.03T09:30:27,10.15,2300
000001,2018.09.03T09:30:29,10.15,2700
000001,2018.09.03T09:30:29,10.15,6900
000001,2018.09.03T09:30:30,10.14,100
000001,2018.09.03T09:30:31,10.14,700
000001,2018.09.03T09:30:31,10.14,800
000001,2018.09.03T09:30:31,10.14,1500
000001,2018.09.03T09:30:32,10.14,800
000001,2018.09.03T09:30:32,10.14,800
000001,2018.09.03T09:30:32,10.14,200
000001,2018.09.03T09:30:33,10.14,5000
000001,2018.09.03T09:30:34,10.14,100
000001,2018.09.03T09:30:35,10.14,600
000001,2018.09.03T09:30:36,10.14,1000
000001,2018.09.03T09:30:36,10.14,1000
000001,2018.09.03T09:30:36,10.14,9900
000001,2018.09.03T09:30:36,10.14,1000
000001,2018.09.03T09:30:39,10.14,2400
000001,2018.09.03T09:30:39,10.13,1500
000001,2018.09.03T09:30:39,10.13,10000
000001,2018.09.03T09:30:39,10.12,600
000001,2018.09.03T09:30:39,10.13,4000
000001,2018.09.03T09:30:39,10.13,300
000001,2018.09.03T09:30:39,10.13,600
000001,2018.09.03T09:30:39,10.13,30000
000001,2018.09.03T09:30:39,10.13,1000
000001,2018.09.03T09:30:39,10.13,2000
000001,2018.09.03T09:30:39,10.14,100
000001,2018.09.03T09:30:40,10.13,1000
000001,2018.09.03T09:30:40,10.14,1000
000001,2018.09.03T09:30:42,10.13,500
000001,2018.09.03T09:30:42,10.13,2500
000001,2018.09.03T09:30:42,10.14,2500
000001,2018.09.03T09:30:43,10.13,5000
000001,2018.09.03T09:30:45,10.13,500
000001,2018.09.03T09:30:45,10.14,900
000001,2018.09.03T09:30:45,10.13,200
000001,2018.09.03T09:30:47,10.13,600
000001,2018.09.03T09:30:47,10.13,1200
000001,2018.09.03T09:30:48,10.13,6400
000001,2018.09.03T09:30:48,10.13,3600
000001,2018.09.03T09:30:48,10.14,4600
000001,2018.09.03T09:30:48,10.14,300
000001,2018.09.03T09:30:50,10.14,24900
000001,2018.09.03T09:30:50,10.14,5000
000001,2018.09.03T09:30:51,10.14,700
000001,2018.09.03T09:30:51,10.14,200
000001,2018.09.03T09:30:51,10.13,100
000001,2018.09.03T09:30:52,10.14,100
000001,2018.09.03T09:30:52,10.14,2000
000001,2018.09.03T09:30:52,10.14,200
000001,2018.09.03T09:30:52,10.14,500
000001,2018.09.03T09:30:52,10.14,2300
000001,2018.09.03T09:30:52,10.14,100
000001,2018.09.03T09:30:52,10.14,600
000001,2018.09.03T09:30:52,10.14,1000
000001,2018.09.03T09:30:52,10.14,2900
000001,2018.09.03T09:30:52,10.14,27700
000001,2018.09.03T09:30:53,10.14,3000
000001,2018.09.03T09:30:54,10.13,1300
000001,2018.09.03T09:30:54,10.14,17600
000001,2018.09.03T09:30:54,10.14,31100
000001,2018.09.03T09:30:54,10.14,1300
000001,2018.09.03T09:30:56,10.14,1000
000001,2018.09.03T09:30:56,10.14,500
000001,2018.09.03T09:30:56,10.15,24700
000001,2018.09.03T09:30:56,10.15,13100
000001,2018.09.03T09:30:56,10.15,2000
000001,2018.09.03T09:30:57,10.15,3200
000001,2018.09.03T09:30:57,10.15,1100
000001,2018.09.03T09:30:57,10.14,3000
000001,2018.09.03T09:30:58,10.14,700
000001,2018.09.03T09:30:58,10.14,100
000001,2018.09.03T09:31:00,10.15,16000
000001,2018.09.03T09:31:01,10.15,500
000001,2018.09.03T09:31:01,10.15,2200
000001,2018.09.03T09:31:01,10.14,500
000001,2018.09.03T09:31:02,10.15,2300
000001,2018.09.03T09:31:02,10.15,3300
000001,2018.09.03T09:31:02,10.15,400
000001,2018.09.03T09:31:02,10.15,200
000001,2018.09.03T09:31:02,10.15,1000
000001,2018.09.03T09:31:02,10.14,20000
000001,2018.09.03T09:31:03,10.15,200
000001,2018.09.03T09:31:03,10.14,700
000001,2018.09.03T09:31:03,10.14,100
000001,2018.09.03T09:31:03,10.15,100
000001,2018.09.03T09:31:03,10.15,100
000001,2018.09.03T09:31:04,10.14,1100
000001,2018.09.03T09:31:04,10.14,1100
000001,2018.09.03T09:31:05,10.14,2000
000001,2018.09.03T09:31:05,10.14,500
000001,2018.09.03T09:31:05,10.15,200
000001,2018.09.03T09:31:07,10.14,4400
000001,2018.09.03T09:31:07,10.15,1700
000001,2018.09.03T09:31:07,10.15,200
000001,2018.09.03T09:31:07,10.15,200
000001,2018.09.03T09:31:07,10.15,2000
000001,2018.09.03T09:31:07,10.15,12000
000001,2018.09.03T09:31:07,10.15,39200
000001,2018.09.03T09:31:07,10.15,2000
000001,2018.09.03T09:31:07,10.15,1800
000001,2018.09.03T09:31:07,10.15,1000
000001,2018.09.03T09:31:07,10.15,300
000001,2018.09.03T09:31:08,10.15,500
000001,2018.09.03T09:31:08,10.15,30000
000001,2018.09.03T09:31:08,10.15,6800
000001,2018.09.03T09:31:08,10.14,200
000001,2018.09.03T09:31:09,10.15,4000
000001,2018.09.03T09:31:09,10.14,100
000001,2018.09.03T09:31:09,10.15,900
000001,2018.09.03T09:31:11,10.15,200
000001,2018.09.03T09:31:11,10.15,1000
000001,2018.09.03T09:31:12,10.15,2500
000001,2018.09.03T09:31:13,10.15,4000
000001,2018.09.03T09:31:13,10.15,400
000001,2018.09.03T09:31:13,10.15,600
000001,2018.09.03T09:31:13,10.15,5000
000001,2018.09.03T09:31:13,10.15,15600
000001,2018.09.03T09:31:13,10.15,500
000001,2018.09.03T09:31:14,10.15,300
000001,2018.09.03T09:31:14,10.15,400
000001,2018.09.03T09:31:14,10.15,1000
000001,2018.09.03T09:31:15,10.15,1000
000001,2018.09.03T09:31:16,10.16,200
000001,2018.09.03T09:31:16,10.16,1300
000001,2018.09.03T09:31:16,10.16,100
000001,2018.09.03T09:31:16,10.16,100
000001,2018.09.03T09:31:17,10.15,100
000001,2018.09.03T09:31:17,10.15,800
000001,2018.09.03T09:31:17,10.15,500
000001,2018.09.03T09:31:17,10.15,500
000001,2018.09.03T09:31:17,10.15,9900
000001,2018.09.03T09:31:17,10.15,10800
000001,2018.09.03T09:31:17,10.15,600
000001,2018.09.03T09:31:17,10.15,1000
000001,2018.09.03T09:31:17,10.15,500
000001,2018.09.03T09:31:17,10.15,500
000001,2018.09.03T09:31:17,10.15,600
000001,2018.09.03T09:31:18,10.15,300
000001,2018.09.03T09:31:18,10.15,300
000001,2018.09.03T09:31:19,10.14,2400
000001,2018.09.03T09:31:20,10.14,100
000001,2018.09.03T09:31:20,10.14,300
000001,2018.09.03T09:31:21,10.15,600
000001,2018.09.03T09:31:22,10.15,2600
000001,2018.09.03T09:31:22,10.15,3300
000001,2018.09.03T09:31:23,10.15,2000
000001,2018.09.03T09:31:23,10.14,800
000001,2018.09.03T09:31:23,10.15,500
000001,2018.09.03T09:31:24,10.15,1000
000001,2018.09.03T09:31:24,10.15,26100
000001,2018.09.03T09:31:24,10.15,3000
000001,2018.09.03T09:31:24,10.15,200
000001,2018.09.03T09:31:25,10.15,500
000001,2018.09.03T09:31:25,10.15,1800
000001,2018.09.03T09:31:26,10.15,200
000001,2018.09.03T09:31:26,10.15,100
000001,2018.09.03T09:31:26,10.15,400
000001,2018.09.03T09:31:26,10.15,300
000001,2018.09.03T09:31:26,10.15,2000
000001,2018.09.03T09:31:27,10.15,1000
000001,2018.09.03T09:31:27,10.15,600
000001,2018.09.03T09:31:27,10.15,100
000001,2018.09.03T09:31:27,10.15,900
000001,2018.09.03T09:31:29,10.15,1000
000001,2018.09.03T09:31:29,10.15,3000
000001,2018.09.03T09:31:29,10.15,1400
000001,2018.09.03T09:31:30,10.15,7000
000001,2018.09.03T09:31:30,10.15,3000
000001,2018.09.03T09:31:30,10.15,1100
000001,2018.09.03T09:31:30,10.15,1000
000001,2018.09.03T09:31:31,10.15,300
000001,2018.09.03T09:31:31,10.15,1200
000001,2018.09.03T09:31:33,10.15,7400
000001,2018.09.03T09:31:33,10.15,1700
000001,2018.09.03T09:31:34,10.15,1000
000001,2018.09.03T09:31:34,10.14,500
000001,2018.09.03T09:31:34,10.14,500
000001,2018.09.03T09:31:34,10.14,2000
000001,2018.09.03T09:31:34,10.14,1000
000001,2018.09.03T09:31:34,10.14,500
000001,2018.09.03T09:31:34,10.14,500
000001,2018.09.03T09:31:34,10.14,100
000001,2018.09.03T09:31:34,10.14,1900
000001,2018.09.03T09:31:34,10.15,400
000001,2018.09.03T09:31:35,10.14,500
000001,2018.09.03T09:31:35,10.15,1800
000001,2018.09.03T09:31:35,10.15,12900
000001,2018.09.03T09:31:35,10.15,1000
000001,2018.09.03T09:31:35,10.15,5000
000001,2018.09.03T09:31:36,10.15,500
000001,2018.09.03T09:31:37,10.15,2000
000001,2018.09.03T09:31:39,10.15,1000
000001,2018.09.03T09:31:39,10.15,300
000001,2018.09.03T09:31:39,10.15,100
000001,2018.09.03T09:31:39,10.15,26800
000001,2018.09.03T09:31:39,10.15,500
000001,2018.09.03T09:31:39,10.15,100
000001,2018.09.03T09:31:39,10.15,1700
000001,2018.09.03T09:31:39,10.15,300
000001,2018.09.03T09:31:39,10.15,1700
000001,2018.09.03T09:31:40,10.15,3900
000001,2018.09.03T09:31:40,10.15,800
000001,2018.09.03T09:31:40,10.15,300
000001,2018.09.03T09:31:41,10.15,200
000001,2018.09.03T09:31:41,10.15,1400
000001,2018.09.03T09:31:41,10.16,500
000001,2018.09.03T09:31:41,10.15,700
000001,2018.09.03T09:31:43,10.15,100
000001,2018.09.03T09:31:44,10.15,2000
000001,2018.09.03T09:31:44,10.15,500
000001,2018.09.03T09:31:44,10.16,1400
000001,2018.09.03T09:31:44,10.16,4000
000001,2018.09.03T09:31:44,10.16,1400
000001,2018.09.03T09:31:44,10.16,700
000001,2018.09.03T09:31:44,10.16,20000
000001,2018.09.03T09:31:44,10.15,1700
000001,2018.09.03T09:31:44,10.16,25800
000001,2018.09.03T09:31:45,10.15,700
000001,2018.09.03T09:31:45,10.15,1700
000001,2018.09.03T09:31:45,10.16,200
000001,2018.09.03T09:31:45,10.16,800
000001,2018.09.03T09:31:45,10.15,100
000001,2018.09.03T09:31:45,10.15,300
000001,2018.09.03T09:31:45,10.15,100
000001,2018.09.03T09:31:46,10.15,400
000001,2018.09.03T09:31:46,10.15,100
000001,2018.09.03T09:31:46,10.16,9900
000001,2018.09.03T09:31:46,10.16,9700
000001,2018.09.03T09:31:47,10.15,600
000001,2018.09.03T09:31:47,10.16,100
000001,2018.09.03T09:31:47,10.16,500
000001,2018.09.03T09:31:48,10.15,600
000001,2018.09.03T09:31:48,10.15,100
000001,2018.09.03T09:31:48,10.15,3800
000001,2018.09.03T09:31:48,10.15,1800
000001,2018.09.03T09:31:48,10.15,1000
000001,2018.09.03T09:31:48,10.15,100
000001,2018.09.03T09:31:48,10.15,300
000001,2018.09.03T09:31:48,10.15,900
000001,2018.09.03T09:31:48,10.15,1000
000001,2018.09.03T09:31:48,10.15,1200
000001,2018.09.03T09:31:48,10.15,1200
000001,2018.09.03T09:31:48,10.15,1500
000001,2018.09.03T09:31:48,10.15,1000
000001,2018.09.03T09:31:48,10.15,100
000001,2018.09.03T09:31:49,10.15,500
000001,2018.09.03T09:31:49,10.16,500
000001,2018.09.03T09:31:50,10.15,500
000001,2018.09.03T09:31:50,10.15,400
000001,2018.09.03T09:31:50,10.15,1400
000001,2018.09.03T09:31:51,10.15,1000
000001,2018.09.03T09:31:52,10.14,1000
000001,2018.09.03T09:31:52,10.15,400
000001,2018.09.03T09:31:52,10.15,500
000001,2018.09.03T09:31:53,10.14,800
000001,2018.09.03T09:31:54,10.15,15600
000001,2018.09.03T09:31:57,10.14,3500
000001,2018.09.03T09:31:57,10.14,100
000001,2018.09.03T09:31:57,10.14,1500
000001,2018.09.03T09:31:57,10.13,5000
000001,2018.09.03T09:31:57,10.13,900
000001,2018.09.03T09:31:57,10.14,45800
000001,2018.09.03T09:31:57,10.14,1000
000001,2018.09.03T09:31:57,10.14,500
000001,2018.09.03T09:31:57,10.14,1000
000001,2018.09.03T09:31:57,10.13,50000
000001,2018.09.03T09:31:57,10.13,700
000001,2018.09.03T09:31:57,10.15,4500
000001,2018.09.03T09:31:57,10.15,3000
000001,2018.09.03T09:31:57,10.15,4400
000001,2018.09.03T09:31:57,10.15,5900
000001,2018.09.03T09:31:58,10.14,900
000001,2018.09.03T09:31:58,10.13,1000
000001,2018.09.03T09:31:59,10.14,1800
000001,2018.09.03T09:31:59,10.14,300
000001,2018.09.03T09:31:59,10.15,7400
000001,2018.09.03T09:32:01,10.13,100
000001,2018.09.03T09:32:01,10.14,500
000001,2018.09.03T09:32:01,10.13,4900
000001,2018.09.03T09:32:01,10.13,6400
000001,2018.09.03T09:32:01,10.13,100
000001,2018.09.03T09:32:01,10.13,300
000001,2018.09.03T09:32:01,10.13,500
000001,2018.09.03T09:32:01,10.14,1200
000001,2018.09.03T09:32:01,10.14,300
000001,2018.09.03T09:32:04,10.13,100
000001,2018.09.03T09:32:04,10.13,4000
000001,2018.09.03T09:32:04,10.13,1000
000001,2018.09.03T09:32:04,10.13,2000
000001,2018.09.03T09:32:04,10.13,2700
000001,2018.09.03T09:32:04,10.13,1000
000001,2018.09.03T09:32:04,10.13,100
000001,2018.09.03T09:32:05,10.13,100
000001,2018.09.03T09:32:05,10.13,300
000001,2018.09.03T09:32:05,10.14,100
000001,2018.09.03T09:32:05,10.13,100
000001,2018.09.03T09:32:05,10.13,100
000001,2018.09.03T09:32:05,10.13,600
000001,2018.09.03T09:32:06,10.13,100
000001,2018.09.03T09:32:07,10.12,700
000001,2018.09.03T09:32:07,10.12,100
000001,2018.09.03T09:32:07,10.12,100
000001,2018.09.03T09:32:07,10.12,400
000001,2018.09.03T09:32:08,10.12,8000
000001,2018.09.03T09:32:08,10.13,1400
000001,2018.09.03T09:32:08,10.13,200
000001,2018.09.03T09:32:08,10.13,2800
000001,2018.09.03T09:32:09,10.13,2000
000001,2018.09.03T09:32:09,10.12,300
000001,2018.09.03T09:32:10,10.13,200
000001,2018.09.03T09:32:10,10.13,2500
000001,2018.09.03T09:32:12,10.12,1000
000001,2018.09.03T09:32:12,10.12,300
000001,2018.09.03T09:32:12,10.12,5200
000001,2018.09.03T09:32:12,10.13,1000
000001,2018.09.03T09:32:12,10.13,200
000001,2018.09.03T09:32:12,10.13,2600
000001,2018.09.03T09:32:12,10.13,1600
000001,2018.09.03T09:32:12,10.13,4700
000001,2018.09.03T09:32:13,10.12,3000
000001,2018.09.03T09:32:13,10.12,100
000001,2018.09.03T09:32:13,10.12,8700
000001,2018.09.03T09:32:13,10.11,22600
000001,2018.09.03T09:32:13,10.12,1400
000001,2018.09.03T09:32:13,10.12,300
000001,2018.09.03T09:32:13,10.12,300
000001,2018.09.03T09:32:13,10.12,8000
000001,2018.09.03T09:32:13,10.12,100
000001,2018.09.03T09:32:13,10.12,500
000001,2018.09.03T09:32:13,10.12,5000
000001,2018.09.03T09:32:13,10.13,200
000001,2018.09.03T09:32:13,10.12,1000
000001,2018.09.03T09:32:14,10.12,1000
000001,2018.09.03T09:32:14,10.11,2200
000001,2018.09.03T09:32:15,10.12,900
000001,2018.09.03T09:32:15,10.12,100
000001,2018.09.03T09:32:16,10.11,400
000001,2018.09.03T09:32:17,10.12,200
000001,2018.09.03T09:32:20,10.11,8000
000001,2018.09.03T09:32:21,10.12,200
000001,2018.09.03T09:32:21,10.12,800
000001,2018.09.03T09:32:21,10.11,16800
000001,2018.09.03T09:32:21,10.11,700
000001,2018.09.03T09:32:21,10.11,2500
000001,2018.09.03T09:32:21,10.12,200
000001,2018.09.03T09:32:21,10.11,800
000001,2018.09.03T09:32:24,10.12,500
000001,2018.09.03T09:32:24,10.12,2600
000001,2018.09.03T09:32:24,10.13,2600
000001,2018.09.03T09:32:24,10.12,100
000001,2018.09.03T09:32:24,10.12,200
000001,2018.09.03T09:32:25,10.12,500
000001,2018.09.03T09:32:25,10.13,500
000001,2018.09.03T09:32:25,10.12,1000
000001,2018.09.03T09:32:27,10.12,800
000001,2018.09.03T09:32:27,10.12,100
000001,2018.09.03T09:32:27,10.12,400
000001,2018.09.03T09:32:27,10.12,900
000001,2018.09.03T09:32:28,10.12,400
000001,2018.09.03T09:32:28,10.12,2800
000001,2018.09.03T09:32:28,10.12,200
000001,2018.09.03T09:32:28,10.12,700
000001,2018.09.03T09:32:28,10.12,700
000001,2018.09.03T09:32:28,10.11,800
000001,2018.09.03T09:32:28,10.12,800
000001,2018.09.03T09:32:28,10.12,700
000001,2018.09.03T09:32:28,10.11,2600
000001,2018.09.03T09:32:28,10.11,6100
000001,2018.09.03T09:32:29,10.13,1500
000001,2018.09.03T09:32:29,10.13,1000
000001,2018.09.03T09:32:29,10.13,400
000001,2018.09.03T09:32:29,10.13,400
000001,2018.09.03T09:32:29,10.13,4800
000001,2018.09.03T09:32:29,10.13,9800
000001,2018.09.03T09:32:30,10.12,300
000001,2018.09.03T09:32:30,10.11,1500
000001,2018.09.03T09:32:30,10.11,1300
000001,2018.09.03T09:32:30,10.11,5000
000001,2018.09.03T09:32:30,10.11,1200
000001,2018.09.03T09:32:30,10.11,1000
000001,2018.09.03T09:32:32,10.11,100
000001,2018.09.03T09:32:32,10.11,900
000001,2018.09.03T09:32:32,10.11,100
000001,2018.09.03T09:32:33,10.12,400
000001,2018.09.03T09:32:33,10.12,600
000001,2018.09.03T09:32:34,10.12,400
000001,2018.09.03T09:32:34,10.12,5100
000001,2018.09.03T09:32:34,10.12,700
000001,2018.09.03T09:32:34,10.12,1500
000001,2018.09.03T09:32:34,10.12,1000
000001,2018.09.03T09:32:34,10.12,100
000001,2018.09.03T09:32:35,10.13,1600
000001,2018.09.03T09:32:35,10.13,600
000001,2018.09.03T09:32:35,10.13,4500
000001,2018.09.03T09:32:36,10.13,5000
000001,2018.09.03T09:32:36,10.13,5500
000001,2018.09.03T09:32:36,10.13,2000
000001,2018.09.03T09:32:36,10.12,200
000001,2018.09.03T09:32:37,10.12,1100
000001,2018.09.03T09:32:39,10.12,7800
000001,2018.09.03T09:32:40,10.13,3200
000001,2018.09.03T09:32:40,10.13,4000
000001,2018.09.03T09:32:40,10.13,1800
000001,2018.09.03T09:32:40,10.12,100
000001,2018.09.03T09:32:40,10.12,200
000001,2018.09.03T09:32:40,10.12,900
000001,2018.09.03T09:32:40,10.12,4500
000001,2018.09.03T09:32:40,10.12,100
000001,2018.09.03T09:32:40,10.12,300
000001,2018.09.03T09:32:40,10.12,300
000001,2018.09.03T09:32:40,10.12,200
000001,2018.09.03T09:32:41,10.12,200
000001,2018.09.03T09:32:41,10.12,200
000001,2018.09.03T09:32:41,10.12,400
000001,2018.09.03T09:32:41,10.12,400
000001,2018.09.03T09:32:41,10.12,800
000001,2018.09.03T09:32:41,10.12,100
000001,2018.09.03T09:32:41,10.12,100
000001,2018.09.03T09:32:43,10.13,900
000001,2018.09.03T09:32:43,10.12,100
000001,2018.09.03T09:32:43,10.13,100
000001,2018.09.03T09:32:43,10.12,600
000001,2018.09.03T09:32:43,10.12,400
000001,2018.09.03T09:32:45,10.12,100
000001,2018.09.03T09:32:46,10.13,300
000001,2018.09.03T09:32:46,10.13,400
000001,2018.09.03T09:32:46,10.13,1100
000001,2018.09.03T09:32:47,10.13,600
000001,2018.09.03T09:32:48,10.14,2900
000001,2018.09.03T09:32:48,10.13,100
000001,2018.09.03T09:32:50,10.13,3200
000001,2018.09.03T09:32:50,10.13,500
000001,2018.09.03T09:32:51,10.13,2400
000001,2018.09.03T09:32:51,10.13,5200
000001,2018.09.03T09:32:52,10.13,500
000001,2018.09.03T09:32:52,10.14,300
000001,2018.09.03T09:32:52,10.14,3000
000001,2018.09.03T09:32:52,10.14,800
000001,2018.09.03T09:32:52,10.14,2500
000001,2018.09.03T09:32:52,10.15,900
000001,2018.09.03T09:32:52,10.15,27800
000001,2018.09.03T09:32:52,10.15,100
000001,2018.09.03T09:32:52,10.15,2000
000001,2018.09.03T09:32:52,10.15,700
000001,2018.09.03T09:32:52,10.15,10000
000001,2018.09.03T09:32:52,10.15,700
000001,2018.09.03T09:32:52,10.15,600
000001,2018.09.03T09:32:52,10.15,11000
000001,2018.09.03T09:32:52,10.15,300
000001,2018.09.03T09:32:52,10.14,500
000001,2018.09.03T09:32:52,10.14,20000
000001,2018.09.03T09:32:52,10.14,13200
000001,2018.09.03T09:32:52,10.14,12300
000001,2018.09.03T09:32:52,10.14,2000
000001,2018.09.03T09:32:52,10.14,1000
000001,2018.09.03T09:32:52,10.14,1100
000001,2018.09.03T09:32:52,10.15,5500
000001,2018.09.03T09:32:52,10.15,1000
000001,2018.09.03T09:32:52,10.15,3400
000001,2018.09.03T09:32:52,10.15,20000
000001,2018.09.03T09:32:52,10.15,2000
000001,2018.09.03T09:32:52,10.15,4100
000001,2018.09.03T09:32:52,10.15,2000
000001,2018.09.03T09:32:52,10.15,800
000001,2018.09.03T09:32:52,10.15,600
000001,2018.09.03T09:32:52,10.15,600
000001,2018.09.03T09:32:52,10.15,20000
000001,2018.09.03T09:32:52,10.15,1800
000001,2018.09.03T09:32:53,10.15,1000
000001,2018.09.03T09:32:53,10.15,1000
000001,2018.09.03T09:32:54,10.15,3000
000001,2018.09.03T09:32:55,10.15,20000
000001,2018.09.03T09:32:55,10.15,2100
000001,2018.09.03T09:32:56,10.15,10000
000001,2018.09.03T09:32:57,10.15,400
000001,2018.09.03T09:32:57,10.15,500
000001,2018.09.03T09:32:57,10.15,4500
000001,2018.09.03T09:32:58,10.15,500
000001,2018.09.03T09:32:58,10.15,400
000001,2018.09.03T09:32:58,10.15,400
000001,2018.09.03T09:32:58,10.15,200
000001,2018.09.03T09:32:58,10.15,700
000001,2018.09.03T09:32:58,10.15,800
000001,2018.09.03T09:32:58,10.15,300
000001,2018.09.03T09:32:58,10.15,700
000001,2018.09.03T09:32:58,10.15,700
000001,2018.09.03T09:32:59,10.13,100
000001,2018.09.03T09:33:00,10.14,1900
000001,2018.09.03T09:33:00,10.15,1600
000001,2018.09.03T09:33:01,10.14,100
000001,2018.09.03T09:33:02,10.15,600
000001,2018.09.03T09:33:02,10.15,1700
000001,2018.09.03T09:33:02,10.15,4000
000001,2018.09.03T09:33:02,10.15,1000
000001,2018.09.03T09:33:02,10.15,100
000001,2018.09.03T09:33:02,10.15,3200
000001,2018.09.03T09:33:03,10.15,900
000001,2018.09.03T09:33:03,10.15,300
000001,2018.09.03T09:33:04,10.15,400
000001,2018.09.03T09:33:04,10.15,1000
000001,2018.09.03T09:33:04,10.15,2000
000001,2018.09.03T09:33:05,10.15,100
000001,2018.09.03T09:33:05,10.16,1900
000001,2018.09.03T09:33:05,10.15,400
000001,2018.09.03T09:33:05,10.15,100
000001,2018.09.03T09:33:06,10.15,1000
000001,2018.09.03T09:33:06,10.15,10000
000001,2018.09.03T09:33:06,10.16,3100
000001,2018.09.03T09:33:06,10.16,1700
000001,2018.09.03T09:33:07,10.15,3000
000001,2018.09.03T09:33:07,10.15,300
000001,2018.09.03T09:33:07,10.15,400
000001,2018.09.03T09:33:07,10.15,500
000001,2018.09.03T09:33:08,10.16,1000
000001,2018.09.03T09:33:08,10.15,19400
000001,2018.09.03T09:33:09,10.15,4500
000001,2018.09.03T09:33:09,10.15,100
000001,2018.09.03T09:33:09,10.15,800
000001,2018.09.03T09:33:10,10.15,20000
000001,2018.09.03T09:33:10,10.15,500
000001,2018.09.03T09:33:10,10.16,100
000001,2018.09.03T09:33:10,10.15,1000
000001,2018.09.03T09:33:10,10.15,20000
000001,2018.09.03T09:33:10,10.15,7400
000001,2018.09.03T09:33:10,10.15,2000
000001,2018.09.03T09:33:10,10.15,10000
000001,2018.09.03T09:33:10,10.16,500
000001,2018.09.03T09:33:10,10.16,1000
000001,2018.09.03T09:33:10,10.15,12000
000001,2018.09.03T09:33:10,10.15,1000
000001,2018.09.03T09:33:10,10.16,300
000001,2018.09.03T09:33:10,10.16,800
000001,2018.09.03T09:33:10,10.16,10000
000001,2018.09.03T09:33:10,10.16,5500
000001,2018.09.03T09:33:15,10.15,1000
000001,2018.09.03T09:33:15,10.15,300
000001,2018.09.03T09:33:15,10.15,2200
000001,2018.09.03T09:33:15,10.15,1900
000001,2018.09.03T09:33:16,10.15,5300
000001,2018.09.03T09:33:16,10.15,2500
000001,2018.09.03T09:33:16,10.15,600
000001,2018.09.03T09:33:16,10.15,2300
000001,2018.09.03T09:33:16,10.15,200
000001,2018.09.03T09:33:17,10.15,2000
000001,2018.09.03T09:33:17,10.15,5000
000001,2018.09.03T09:33:17,10.16,21400
000001,2018.09.03T09:33:17,10.15,1000
000001,2018.09.03T09:33:17,10.15,1200
000001,2018.09.03T09:33:17,10.16,3500
000001,2018.09.03T09:33:19,10.15,2200
000001,2018.09.03T09:33:20,10.16,100
000001,2018.09.03T09:33:20,10.16,1000
000001,2018.09.03T09:33:21,10.15,300
000001,2018.09.03T09:33:21,10.15,1100
000001,2018.09.03T09:33:22,10.16,9900
000001,2018.09.03T09:33:23,10.15,1000
000001,2018.09.03T09:33:23,10.15,20000
000001,2018.09.03T09:33:24,10.15,300
000001,2018.09.03T09:33:24,10.15,1000
000001,2018.09.03T09:33:24,10.16,2600
000001,2018.09.03T09:33:24,10.16,200
000001,2018.09.03T09:33:25,10.16,5800
000001,2018.09.03T09:33:25,10.16,200
000001,2018.09.03T09:33:25,10.16,500
000001,2018.09.03T09:33:25,10.16,300
000001,2018.09.03T09:33:25,10.15,3400
000001,2018.09.03T09:33:25,10.15,500
000001,2018.09.03T09:33:25,10.16,2000
000001,2018.09.03T09:33:26,10.15,1000
000001,2018.09.03T09:33:26,10.15,3200
000001,2018.09.03T09:33:26,10.16,600
000001,2018.09.03T09:33:27,10.15,20000
000001,2018.09.03T09:33:27,10.15,2200
000001,2018.09.03T09:33:27,10.15,100
000001,2018.09.03T09:33:27,10.15,100
000001,2018.09.03T09:33:27,10.15,100
000001,2018.09.03T09:33:27,10.15,17100
000001,2018.09.03T09:33:27,10.15,600
000001,2018.09.03T09:33:27,10.15,1000
000001,2018.09.03T09:33:27,10.15,600
000001,2018.09.03T09:33:27,10.15,100
000001,2018.09.03T09:33:27,10.15,100
000001,2018.09.03T09:33:27,10.15,9400
000001,2018.09.03T09:33:28,10.15,500
000001,2018.09.03T09:33:28,10.15,1000
000001,2018.09.03T09:33:29,10.16,500
000001,2018.09.03T09:33:30,10.16,500
000001,2018.09.03T09:33:30,10.16,4000
000001,2018.09.03T09:33:30,10.15,3000
000001,2018.09.03T09:33:30,10.15,100
000001,2018.09.03T09:33:30,10.16,4400
000001,2018.09.03T09:33:31,10.15,300
000001,2018.09.03T09:33:31,10.15,100
000001,2018.09.03T09:33:31,10.15,600
000001,2018.09.03T09:33:31,10.15,100
000001,2018.09.03T09:33:31,10.15,200
000001,2018.09.03T09:33:34,10.15,100
000001,2018.09.03T09:33:34,10.15,100
000001,2018.09.03T09:33:34,10.15,400
000001,2018.09.03T09:33:34,10.15,1000
000001,2018.09.03T09:33:34,10.16,600
000001,2018.09.03T09:33:34,10.16,800
000001,2018.09.03T09:33:34,10.16,100
000001,2018.09.03T09:33:35,10.15,2000
000001,2018.09.03T09:33:35,10.16,4000
000001,2018.09.03T09:33:35,10.16,500
000001,2018.09.03T09:33:35,10.16,1100
000001,2018.09.03T09:33:35,10.16,900
000001,2018.09.03T09:33:35,10.16,500
000001,2018.09.03T09:33:36,10.16,2500
000001,2018.09.03T09:33:38,10.16,2700
000001,2018.09.03T09:33:38,10.16,2300
000001,2018.09.03T09:33:38,10.16,7700
000001,2018.09.03T09:33:38,10.16,1000
000001,2018.09.03T09:33:38,10.16,300
000001,2018.09.03T09:33:38,10.16,100
000001,2018.09.03T09:33:38,10.16,800
000001,2018.09.03T09:33:39,10.15,1000
000001,2018.09.03T09:33:39,10.15,400
000001,2018.09.03T09:33:39,10.15,2000
000001,2018.09.03T09:33:40,10.15,600
000001,2018.09.03T09:33:40,10.15,100
000001,2018.09.03T09:33:40,10.15,900
000001,2018.09.03T09:33:41,10.16,1900
000001,2018.09.03T09:33:41,10.16,400
000001,2018.09.03T09:33:41,10.16,1000
000001,2018.09.03T09:33:41,10.16,2300
000001,2018.09.03T09:33:41,10.16,1000
000001,2018.09.03T09:33:41,10.16,100
000001,2018.09.03T09:33:42,10.15,1800
000001,2018.09.03T09:33:42,10.15,1000
000001,2018.09.03T09:33:42,10.16,13600
000001,2018.09.03T09:33:43,10.15,1000
000001,2018.09.03T09:33:44,10.15,2000
000001,2018.09.03T09:33:44,10.15,600
000001,2018.09.03T09:33:45,10.15,2600
000001,2018.09.03T09:33:45,10.15,300
000001,2018.09.03T09:33:45,10.15,300
000001,2018.09.03T09:33:45,10.15,2000
000001,2018.09.03T09:33:45,10.15,300
000001,2018.09.03T09:33:45,10.15,9900
000001,2018.09.03T09:33:46,10.15,1500
000001,2018.09.03T09:33:47,10.15,100
000001,2018.09.03T09:33:48,10.15,300
000001,2018.09.03T09:33:48,10.15,3000
000001,2018.09.03T09:33:48,10.15,2000
000001,2018.09.03T09:33:49,10.15,2000
000001,2018.09.03T09:33:50,10.15,13300
000001,2018.09.03T09:33:50,10.15,500
000001,2018.09.03T09:33:51,10.15,700
000001,2018.09.03T09:33:51,10.15,9800
000001,2018.09.03T09:33:51,10.15,40000
000001,2018.09.03T09:33:51,10.15,9600
000001,2018.09.03T09:33:51,10.14,100
000001,2018.09.03T09:33:52,10.15,100
000001,2018.09.03T09:33:53,10.14,1000
000001,2018.09.03T09:33:54,10.15,1500
000001,2018.09.03T09:33:54,10.14,1200
000001,2018.09.03T09:33:56,10.14,500
000001,2018.09.03T09:33:56,10.15,35700
000001,2018.09.03T09:33:56,10.14,200
000001,2018.09.03T09:33:56,10.14,800
000001,2018.09.03T09:33:58,10.14,400
000001,2018.09.03T09:33:58,10.14,500
000001,2018.09.03T09:33:58,10.14,300
000001,2018.09.03T09:33:58,10.14,2100
000001,2018.09.03T09:33:58,10.14,800
000001,2018.09.03T09:33:58,10.14,1400
000001,2018.09.03T09:33:58,10.14,7100
000001,2018.09.03T09:33:58,10.14,4500
000001,2018.09.03T09:33:58,10.14,700
000001,2018.09.03T09:33:58,10.14,500
000001,2018.09.03T09:33:59,10.14,500
000001,2018.09.03T09:34:00,10.15,18500
000001,2018.09.03T09:34:00,10.15,100
000001,2018.09.03T09:34:00,10.15,2600
000001,2018.09.03T09:34:00,10.14,1200
000001,2018.09.03T09:34:00,10.14,200
000001,2018.09.03T09:34:00,10.15,1400
000001,2018.09.03T09:34:00,10.15,1000
000001,2018.09.03T09:34:00,10.15,3000
000001,2018.09.03T09:34:00,10.15,3000
000001,2018.09.03T09:34:00,10.15,700
000001,2018.09.03T09:34:00,10.15,20500
000001,2018.09.03T09:34:00,10.15,300
000001,2018.09.03T09:34:01,10.15,1100
000001,2018.09.03T09:34:02,10.15,1800
000001,2018.09.03T09:34:03,10.13,1000
000001,2018.09.03T09:34:03,10.15,15200
000001,2018.09.03T09:34:04,10.13,2000
000001,2018.09.03T09:34:06,10.14,5100
000001,2018.09.03T09:34:06,10.14,5000
000001,2018.09.03T09:34:06,10.14,2900
000001,2018.09.03T09:34:06,10.14,18100
000001,2018.09.03T09:34:07,10.13,100
000001,2018.09.03T09:34:07,10.14,2900
000001,2018.09.03T09:34:09,10.13,500
000001,2018.09.03T09:34:09,10.13,2100
000001,2018.09.03T09:34:09,10.13,100
000001,2018.09.03T09:34:09,10.13,3300
000001,2018.09.03T09:34:09,10.13,800
000001,2018.09.03T09:34:09,10.13,500
000001,2018.09.03T09:34:09,10.13,100
000001,2018.09.03T09:34:09,10.13,100
000001,2018.09.03T09:34:09,10.13,100
000001,2018.09.03T09:34:09,10.13,22900
000001,2018.09.03T09:34:09,10.13,13900
000001,2018.09.03T09:34:09,10.13,400
000001,2018.09.03T09:34:09,10.13,40000
000001,2018.09.03T09:34:09,10.13,15000
000001,2018.09.03T09:34:09,10.13,500
000001,2018.09.03T09:34:09,10.13,100
000001,2018.09.03T09:34:09,10.13,100
000001,2018.09.03T09:34:09,10.14,500
000001,2018.09.03T09:34:09,10.14,800
000001,2018.09.03T09:34:09,10.15,6800
000001,2018.09.03T09:34:10,10.14,1000
000001,2018.09.03T09:34:10,10.14,200
000001,2018.09.03T09:34:10,10.14,300
000001,2018.09.03T09:34:11,10.14,400
000001,2018.09.03T09:34:11,10.14,900
000001,2018.09.03T09:34:12,10.14,1100
000001,2018.09.03T09:34:12,10.14,400
000001,2018.09.03T09:34:12,10.13,200
000001,2018.09.03T09:34:12,10.13,6000
000001,2018.09.03T09:34:12,10.13,2000
000001,2018.09.03T09:34:13,10.14,500
000001,2018.09.03T09:34:14,10.14,600
000001,2018.09.03T09:34:14,10.14,2000
000001,2018.09.03T09:34:14,10.14,1400
000001,2018.09.03T09:34:14,10.14,2000
000001,2018.09.03T09:34:14,10.14,1400
000001,2018.09.03T09:34:16,10.15,600
000001,2018.09.03T09:34:16,10.15,30000
000001,2018.09.03T09:34:16,10.15,3700
000001,2018.09.03T09:34:16,10.15,300
000001,2018.09.03T09:34:16,10.15,62200
000001,2018.09.03T09:34:16,10.15,3800
000001,2018.09.03T09:34:16,10.15,1900
000001,2018.09.03T09:34:17,10.14,1700
000001,2018.09.03T09:34:18,10.14,9500
000001,2018.09.03T09:34:18,10.13,5000
000001,2018.09.03T09:34:18,10.13,700
000001,2018.09.03T09:34:18,10.14,17300
000001,2018.09.03T09:34:18,10.14,3300
000001,2018.09.03T09:34:18,10.14,300
000001,2018.09.03T09:34:18,10.13,28900
000001,2018.09.03T09:34:18,10.13,5000
000001,2018.09.03T09:34:18,10.15,6600
000001,2018.09.03T09:34:18,10.15,3000
000001,2018.09.03T09:34:18,10.14,200
000001,2018.09.03T09:34:18,10.15,1000
000001,2018.09.03T09:34:18,10.15,100
000001,2018.09.03T09:34:18,10.15,3000
000001,2018.09.03T09:34:18,10.15,5000
000001,2018.09.03T09:34:18,10.15,1000
000001,2018.09.03T09:34:18,10.15,10000
000001,2018.09.03T09:34:18,10.15,25700
000001,2018.09.03T09:34:18,10.15,4700
000001,2018.09.03T09:34:18,10.15,1100
000001,2018.09.03T09:34:18,10.15,2000
000001,2018.09.03T09:34:18,10.15,100
000001,2018.09.03T09:34:18,10.15,5000
000001,2018.09.03T09:34:18,10.15,2000
000001,2018.09.03T09:34:18,10.15,2000
000001,2018.09.03T09:34:18,10.15,100
000001,2018.09.03T09:34:19,10.15,500
000001,2018.09.03T09:34:19,10.15,400
000001,2018.09.03T09:34:20,10.15,1000
000001,2018.09.03T09:34:21,10.16,11200
000001,2018.09.03T09:34:21,10.15,500
000001,2018.09.03T09:34:21,10.16,50000
000001,2018.09.03T09:34:21,10.16,1500
000001,2018.09.03T09:34:21,10.16,2000
000001,2018.09.03T09:34:21,10.16,100
000001,2018.09.03T09:34:21,10.16,900
000001,2018.09.03T09:34:21,10.16,6600
000001,2018.09.03T09:34:21,10.16,2900
000001,2018.09.03T09:34:21,10.16,10800
000001,2018.09.03T09:34:21,10.16,1000
000001,2018.09.03T09:34:21,10.16,2600
000001,2018.09.03T09:34:21,10.16,8000
000001,2018.09.03T09:34:21,10.16,1000
000001,2018.09.03T09:34:23,10.15,1000
000001,2018.09.03T09:34:23,10.15,500
000001,2018.09.03T09:34:23,10.16,1400
000001,2018.09.03T09:34:23,10.15,15000
000001,2018.09.03T09:34:24,10.15,7600
000001,2018.09.03T09:34:24,10.15,600
000001,2018.09.03T09:34:24,10.15,800
000001,2018.09.03T09:34:24,10.14,1000
000001,2018.09.03T09:34:24,10.13,32500
000001,2018.09.03T09:34:24,10.13,20000
000001,2018.09.03T09:34:24,10.13,28900
000001,2018.09.03T09:34:24,10.12,5000
000001,2018.09.03T09:34:24,10.12,1300
000001,2018.09.03T09:34:24,10.12,13300
000001,2018.09.03T09:34:24,10.12,20000
000001,2018.09.03T09:34:24,10.14,2200
000001,2018.09.03T09:34:24,10.13,2600
000001,2018.09.03T09:34:24,10.12,1000
000001,2018.09.03T09:34:24,10.12,2500
000001,2018.09.03T09:34:24,10.14,400
000001,2018.09.03T09:34:24,10.14,300
000001,2018.09.03T09:34:24,10.14,400
000001,2018.09.03T09:34:24,10.14,1900
000001,2018.09.03T09:34:25,10.16,2000
000001,2018.09.03T09:34:25,10.16,100
000001,2018.09.03T09:34:25,10.16,500
000001,2018.09.03T09:34:25,10.16,2200
000001,2018.09.03T09:34:26,10.15,3200
000001,2018.09.03T09:34:26,10.16,100
000001,2018.09.03T09:34:27,10.15,100
000001,2018.09.03T09:34:27,10.15,100
000001,2018.09.03T09:34:27,10.15,300
000001,2018.09.03T09:34:28,10.15,1600
000001,2018.09.03T09:34:29,10.15,400
000001,2018.09.03T09:34:29,10.15,300
000001,2018.09.03T09:34:29,10.15,900
000001,2018.09.03T09:34:29,10.15,3500
000001,2018.09.03T09:34:29,10.15,1700
000001,2018.09.03T09:34:30,10.16,200
000001,2018.09.03T09:34:30,10.15,2400
000001,2018.09.03T09:34:30,10.15,1900
000001,2018.09.03T09:34:31,10.15,100
000001,2018.09.03T09:34:32,10.15,800
000001,2018.09.03T09:34:32,10.15,100
000001,2018.09.03T09:34:32,10.16,1300
000001,2018.09.03T09:34:32,10.15,5000
000001,2018.09.03T09:34:34,10.16,2300
000001,2018.09.03T09:34:34,10.16,300
000001,2018.09.03T09:34:34,10.15,900
000001,2018.09.03T09:34:35,10.16,100
000001,2018.09.03T09:34:35,10.16,500
000001,2018.09.03T09:34:35,10.16,100
000001,2018.09.03T09:34:35,10.16,100
000001,2018.09.03T09:34:35,10.16,100
000001,2018.09.03T09:34:36,10.16,2600
000001,2018.09.03T09:34:36,10.16,300
000001,2018.09.03T09:34:37,10.16,2000
000001,2018.09.03T09:34:37,10.16,1000
000001,2018.09.03T09:34:37,10.16,200
000001,2018.09.03T09:34:38,10.15,5000
000001,2018.09.03T09:34:39,10.16,100
000001,2018.09.03T09:34:40,10.15,1500
000001,2018.09.03T09:34:40,10.16,6400
000001,2018.09.03T09:34:40,10.16,500
000001,2018.09.03T09:34:40,10.16,300
000001,2018.09.03T09:34:40,10.16,1000
000001,2018.09.03T09:34:40,10.16,5000
000001,2018.09.03T09:34:40,10.16,9500
000001,2018.09.03T09:34:40,10.16,2900
000001,2018.09.03T09:34:40,10.16,11000
000001,2018.09.03T09:34:40,10.16,2200
000001,2018.09.03T09:34:40,10.16,1200
000001,2018.09.03T09:34:40,10.16,20000
000001,2018.09.03T09:34:41,10.15,400
000001,2018.09.03T09:34:41,10.15,600
000001,2018.09.03T09:34:42,10.16,100
000001,2018.09.03T09:34:42,10.16,100
000001,2018.09.03T09:34:42,10.15,500
000001,2018.09.03T09:34:42,10.16,500
000001,2018.09.03T09:34:43,10.16,200
000001,2018.09.03T09:34:43,10.16,600
000001,2018.09.03T09:34:43,10.16,200
000001,2018.09.03T09:34:43,10.17,1000
000001,2018.09.03T09:34:43,10.17,100
000001,2018.09.03T09:34:43,10.17,4600
000001,2018.09.03T09:34:43,10.17,100
000001,2018.09.03T09:34:43,10.17,100
000001,2018.09.03T09:34:43,10.17,5000
000001,2018.09.03T09:34:43,10.17,31700
000001,2018.09.03T09:34:43,10.17,4300
000001,2018.09.03T09:34:43,10.17,200
000001,2018.09.03T09:34:43,10.17,2000
000001,2018.09.03T09:34:43,10.17,500
000001,2018.09.03T09:34:43,10.17,1500
000001,2018.09.03T09:34:43,10.17,3000
000001,2018.09.03T09:34:43,10.17,2100
000001,2018.09.03T09:34:43,10.17,15000
000001,2018.09.03T09:34:43,10.17,2000
000001,2018.09.03T09:34:43,10.18,3600
000001,2018.09.03T09:34:43,10.18,2500
000001,2018.09.03T09:34:43,10.18,1000
000001,2018.09.03T09:34:43,10.18,500
000001,2018.09.03T09:34:43,10.18,200
000001,2018.09.03T09:34:43,10.18,4000
000001,2018.09.03T09:34:43,10.18,500
000001,2018.09.03T09:34:43,10.18,108200
000001,2018.09.03T09:34:43,10.18,1000
000001,2018.09.03T09:34:43,10.18,500
000001,2018.09.03T09:34:43,10.18,11200
000001,2018.09.03T09:34:43,10.18,100
000001,2018.09.03T09:34:43,10.18,2000
000001,2018.09.03T09:34:43,10.17,1000
000001,2018.09.03T09:34:43,10.17,600
000001,2018.09.03T09:34:43,10.17,9000
000001,2018.09.03T09:34:43,10.17,500
000001,2018.09.03T09:34:43,10.17,4000
000001,2018.09.03T09:34:43,10.17,10000
000001,2018.09.03T09:34:43,10.17,4000
000001,2018.09.03T09:34:43,10.17,5000
000001,2018.09.03T09:34:43,10.17,1000
000001,2018.09.03T09:34:43,10.17,50000
000001,2018.09.03T09:34:43,10.17,500
000001,2018.09.03T09:34:43,10.17,1400
000001,2018.09.03T09:34:43,10.18,100
000001,2018.09.03T09:34:43,10.18,500
000001,2018.09.03T09:34:43,10.18,3200
000001,2018.09.03T09:34:43,10.18,1800
000001,2018.09.03T09:34:43,10.18,500
000001,2018.09.03T09:34:43,10.18,900
000001,2018.09.03T09:34:43,10.18,1000
000001,2018.09.03T09:34:43,10.18,8800
000001,2018.09.03T09:34:43,10.18,1400
000001,2018.09.03T09:34:43,10.18,5000
000001,2018.09.03T09:34:43,10.18,2000
000001,2018.09.03T09:34:43,10.18,800
000001,2018.09.03T09:34:43,10.18,10000
000001,2018.09.03T09:34:43,10.18,1000
000001,2018.09.03T09:34:43,10.18,8000
000001,2018.09.03T09:34:44,10.18,2400
000001,2018.09.03T09:34:45,10.18,12600
000001,2018.09.03T09:34:45,10.19,200
000001,2018.09.03T09:34:45,10.19,2000
000001,2018.09.03T09:34:46,10.19,1000
000001,2018.09.03T09:34:46,10.19,100
000001,2018.09.03T09:34:46,10.19,1900
000001,2018.09.03T09:34:46,10.19,9500
000001,2018.09.03T09:34:46,10.19,1000
000001,2018.09.03T09:34:46,10.19,4300
000001,2018.09.03T09:34:46,10.18,300
000001,2018.09.03T09:34:47,10.18,300
000001,2018.09.03T09:34:47,10.19,2200
000001,2018.09.03T09:34:47,10.18,1000
000001,2018.09.03T09:34:48,10.19,20000
000001,2018.09.03T09:34:48,10.19,4000
000001,2018.09.03T09:34:48,10.19,6000
000001,2018.09.03T09:34:48,10.19,4000
000001,2018.09.03T09:34:48,10.19,1300
000001,2018.09.03T09:34:48,10.19,3300
000001,2018.09.03T09:34:48,10.19,1800
000001,2018.09.03T09:34:48,10.19,1700
000001,2018.09.03T09:34:48,10.19,1000
000001,2018.09.03T09:34:48,10.19,1700
000001,2018.09.03T09:34:48,10.19,6900
000001,2018.09.03T09:34:48,10.19,1200
000001,2018.09.03T09:34:48,10.19,2000
000001,2018.09.03T09:34:48,10.19,1000
000001,2018.09.03T09:34:48,10.19,1300
000001,2018.09.03T09:34:48,10.19,3400
000001,2018.09.03T09:34:51,10.2,1000
000001,2018.09.03T09:34:51,10.2,200
000001,2018.09.03T09:34:51,10.2,100
000001,2018.09.03T09:34:51,10.2,500
000001,2018.09.03T09:34:51,10.2,1000
000001,2018.09.03T09:34:51,10.2,3000
000001,2018.09.03T09:34:51,10.2,2000
000001,2018.09.03T09:34:51,10.2,10000
000001,2018.09.03T09:34:51,10.2,400
000001,2018.09.03T09:34:51,10.2,200
000001,2018.09.03T09:34:51,10.2,600
000001,2018.09.03T09:34:51,10.2,3000
000001,2018.09.03T09:34:51,10.2,5000
000001,2018.09.03T09:34:51,10.2,1000
000001,2018.09.03T09:34:51,10.2,15600
000001,2018.09.03T09:34:51,10.2,1200
000001,2018.09.03T09:34:51,10.2,5200
000001,2018.09.03T09:34:51,10.2,3000
000001,2018.09.03T09:34:52,10.19,100
000001,2018.09.03T09:34:52,10.19,1600
000001,2018.09.03T09:34:52,10.19,300
000001,2018.09.03T09:34:54,10.19,400
000001,2018.09.03T09:34:54,10.19,1000
000001,2018.09.03T09:34:54,10.2,1800
000001,2018.09.03T09:34:54,10.2,500
000001,2018.09.03T09:34:54,10.2,1000
000001,2018.09.03T09:34:54,10.2,900
000001,2018.09.03T09:34:54,10.2,1100
000001,2018.09.03T09:34:54,10.2,100
000001,2018.09.03T09:34:54,10.2,2500
000001,2018.09.03T09:34:54,10.2,1000
000001,2018.09.03T09:34:54,10.2,1400
000001,2018.09.03T09:34:54,10.2,1000
000001,2018.09.03T09:34:54,10.2,500
000001,2018.09.03T09:34:54,10.2,300
000001,2018.09.03T09:34:54,10.2,10500
000001,2018.09.03T09:34:54,10.2,2000
000001,2018.09.03T09:34:54,10.2,2000
000001,2018.09.03T09:34:54,10.2,1800
000001,2018.09.03T09:34:54,10.2,500
000001,2018.09.03T09:34:54,10.2,10400
000001,2018.09.03T09:34:54,10.2,3000
000001,2018.09.03T09:34:54,10.2,500
000001,2018.09.03T09:34:54,10.2,500
000001,2018.09.03T09:34:55,10.21,2000
000001,2018.09.03T09:34:56,10.2,2000
000001,2018.09.03T09:34:57,10.19,5100
000001,2018.09.03T09:34:57,10.19,3500
000001,2018.09.03T09:34:57,10.19,4000
000001,2018.09.03T09:34:57,10.19,8100
000001,2018.09.03T09:34:57,10.19,100
000001,2018.09.03T09:34:57,10.19,400
000001,2018.09.03T09:34:57,10.19,100
000001,2018.09.03T09:34:57,10.19,100
000001,2018.09.03T09:34:57,10.19,100
000001,2018.09.03T09:34:57,10.19,100
000001,2018.09.03T09:34:57,10.19,200
000001,2018.09.03T09:34:57,10.19,200
000001,2018.09.03T09:34:57,10.19,600
000001,2018.09.03T09:34:57,10.19,500
000001,2018.09.03T09:34:57,10.19,100
000001,2018.09.03T09:34:57,10.19,12800
000001,2018.09.03T09:34:57,10.2,3400
000001,2018.09.03T09:34:57,10.19,100
000001,2018.09.03T09:34:57,10.19,55800
000001,2018.09.03T09:34:57,10.19,6000
000001,2018.09.03T09:34:57,10.19,4000
000001,2018.09.03T09:34:57,10.19,1500
000001,2018.09.03T09:34:57,10.19,3400
000001,2018.09.03T09:34:57,10.19,300
000001,2018.09.03T09:34:57,10.19,1000
000001,2018.09.03T09:34:57,10.19,2000
000001,2018.09.03T09:34:57,10.19,200
000001,2018.09.03T09:34:57,10.19,200
000001,2018.09.03T09:34:57,10.19,100
000001,2018.09.03T09:34:57,10.19,300
000001,2018.09.03T09:34:57,10.19,200
000001,2018.09.03T09:34:57,10.19,1000
000001,2018.09.03T09:34:58,10.19,1300
000001,2018.09.03T09:34:59,10.2,1200
000001,2018.09.03T09:35:00,10.2,1800
000001,2018.09.03T09:35:00,10.2,1500
000001,2018.09.03T09:35:00,10.2,1800
000001,2018.09.03T09:35:00,10.2,1000
000001,2018.09.03T09:35:01,10.2,17000
000001,2018.09.03T09:35:01,10.2,100
000001,2018.09.03T09:35:02,10.2,5000
000001,2018.09.03T09:35:02,10.2,300
000001,2018.09.03T09:35:03,10.2,200
000001,2018.09.03T09:35:03,10.2,3100
000001,2018.09.03T09:35:04,10.2,4500
000001,2018.09.03T09:35:04,10.2,800
000001,2018.09.03T09:35:04,10.2,100
000001,2018.09.03T09:35:04,10.2,1000
000001,2018.09.03T09:35:04,10.2,4100
000001,2018.09.03T09:35:05,10.2,300
000001,2018.09.03T09:35:05,10.19,400
000001,2018.09.03T09:35:05,10.2,400
000001,2018.09.03T09:35:05,10.19,400
000001,2018.09.03T09:35:06,10.2,200
000001,2018.09.03T09:35:06,10.2,4500
000001,2018.09.03T09:35:06,10.2,1100
000001,2018.09.03T09:35:06,10.2,6400
000001,2018.09.03T09:35:07,10.2,100
000001,2018.09.03T09:35:08,10.2,1000
000001,2018.09.03T09:35:08,10.2,900
000001,2018.09.03T09:35:08,10.19,100
000001,2018.09.03T09:35:09,10.2,500
000001,2018.09.03T09:35:09,10.2,200
000001,2018.09.03T09:35:09,10.2,700
000001,2018.09.03T09:35:09,10.19,700
000001,2018.09.03T09:35:09,10.19,500
000001,2018.09.03T09:35:09,10.2,200
000001,2018.09.03T09:35:10,10.2,2000
000001,2018.09.03T09:35:10,10.19,300
000001,2018.09.03T09:35:11,10.2,1000
000001,2018.09.03T09:35:12,10.2,2000
000001,2018.09.03T09:35:12,10.2,100
000001,2018.09.03T09:35:12,10.2,100
000001,2018.09.03T09:35:12,10.2,5000
000001,2018.09.03T09:35:12,10.2,700
000001,2018.09.03T09:35:12,10.2,1100
000001,2018.09.03T09:35:12,10.19,1000
000001,2018.09.03T09:35:13,10.2,1400
000001,2018.09.03T09:35:14,10.2,3400
000001,2018.09.03T09:35:14,10.2,5200
000001,2018.09.03T09:35:14,10.2,200
000001,2018.09.03T09:35:15,10.2,4200
000001,2018.09.03T09:35:15,10.2,900
000001,2018.09.03T09:35:15,10.19,2000
000001,2018.09.03T09:35:15,10.2,1100
000001,2018.09.03T09:35:15,10.2,200
000001,2018.09.03T09:35:15,10.2,900
000001,2018.09.03T09:35:16,10.19,1000
000001,2018.09.03T09:35:16,10.2,2000
000001,2018.09.03T09:35:16,10.2,800
000001,2018.09.03T09:35:17,10.2,2800
000001,2018.09.03T09:35:17,10.2,17200
000001,2018.09.03T09:35:17,10.21,1600
000001,2018.09.03T09:35:17,10.21,1700
000001,2018.09.03T09:35:17,10.2,3000
000001,2018.09.03T09:35:17,10.2,300
000001,2018.09.03T09:35:18,10.2,5000
000001,2018.09.03T09:35:18,10.2,3000
000001,2018.09.03T09:35:19,10.2,100
000001,2018.09.03T09:35:19,10.2,3000
000001,2018.09.03T09:35:21,10.2,1000
000001,2018.09.03T09:35:22,10.2,2000
000001,2018.09.03T09:35:22,10.2,5900
000001,2018.09.03T09:35:22,10.2,9800
000001,2018.09.03T09:35:22,10.2,6600
000001,2018.09.03T09:35:22,10.2,1000
000001,2018.09.03T09:35:22,10.2,5800
000001,2018.09.03T09:35:22,10.2,6000
000001,2018.09.03T09:35:22,10.2,14900
000001,2018.09.03T09:35:23,10.2,400
000001,2018.09.03T09:35:24,10.2,1800
000001,2018.09.03T09:35:24,10.2,700
000001,2018.09.03T09:35:24,10.2,500
000001,2018.09.03T09:35:25,10.21,600
000001,2018.09.03T09:35:25,10.2,600
000001,2018.09.03T09:35:25,10.2,900
000001,2018.09.03T09:35:25,10.21,1700
000001,2018.09.03T09:35:25,10.21,200
000001,2018.09.03T09:35:26,10.2,2800
000001,2018.09.03T09:35:26,10.2,600
000001,2018.09.03T09:35:26,10.2,29800
000001,2018.09.03T09:35:26,10.2,3000
000001,2018.09.03T09:35:26,10.2,1800
000001,2018.09.03T09:35:27,10.2,10000
000001,2018.09.03T09:35:27,10.2,300
000001,2018.09.03T09:35:27,10.2,200
000001,2018.09.03T09:35:28,10.21,2100
000001,2018.09.03T09:35:28,10.2,700
000001,2018.09.03T09:35:28,10.2,100
000001,2018.09.03T09:35:28,10.2,200
000001,2018.09.03T09:35:28,10.2,900
000001,2018.09.03T09:35:28,10.2,100
000001,2018.09.03T09:35:30,10.2,200
000001,2018.09.03T09:35:30,10.2,1600
000001,2018.09.03T09:35:30,10.2,100
000001,2018.09.03T09:35:30,10.21,200
000001,2018.09.03T09:35:30,10.2,1300
000001,2018.09.03T09:35:30,10.2,400
000001,2018.09.03T09:35:30,10.2,2900
000001,2018.09.03T09:35:30,10.2,300
000001,2018.09.03T09:35:31,10.2,4500
000001,2018.09.03T09:35:32,10.2,2300
000001,2018.09.03T09:35:32,10.2,1900
000001,2018.09.03T09:35:32,10.2,100
000001,2018.09.03T09:35:32,10.2,900
000001,2018.09.03T09:35:32,10.19,500
000001,2018.09.03T09:35:33,10.2,100
000001,2018.09.03T09:35:33,10.2,500
000001,2018.09.03T09:35:33,10.19,100
000001,2018.09.03T09:35:33,10.19,7800
000001,2018.09.03T09:35:33,10.19,500
000001,2018.09.03T09:35:33,10.19,900
000001,2018.09.03T09:35:33,10.19,500
000001,2018.09.03T09:35:34,10.19,100
000001,2018.09.03T09:35:34,10.19,900
000001,2018.09.03T09:35:34,10.2,3500
000001,2018.09.03T09:35:34,10.2,7000
000001,2018.09.03T09:35:34,10.2,3700
000001,2018.09.03T09:35:34,10.2,1300
000001,2018.09.03T09:35:34,10.2,1000
000001,2018.09.03T09:35:34,10.2,900
000001,2018.09.03T09:35:34,10.2,15200
000001,2018.09.03T09:35:34,10.2,900
000001,2018.09.03T09:35:35,10.2,1000
000001,2018.09.03T09:35:36,10.19,400
000001,2018.09.03T09:35:36,10.19,900
000001,2018.09.03T09:35:37,10.2,500
000001,2018.09.03T09:35:38,10.19,1000
000001,2018.09.03T09:35:38,10.19,100
000001,2018.09.03T09:35:38,10.19,900
000001,2018.09.03T09:35:38,10.2,20200
000001,2018.09.03T09:35:38,10.2,2200
000001,2018.09.03T09:35:38,10.19,1200
000001,2018.09.03T09:35:40,10.19,600
000001,2018.09.03T09:35:40,10.19,3200
000001,2018.09.03T09:35:40,10.19,4100
000001,2018.09.03T09:35:40,10.19,1800
000001,2018.09.03T09:35:40,10.19,2000
000001,2018.09.03T09:35:40,10.19,200
000001,2018.09.03T09:35:40,10.19,600
000001,2018.09.03T09:35:40,10.19,100
000001,2018.09.03T09:35:40,10.19,100
000001,2018.09.03T09:35:40,10.19,900
000001,2018.09.03T09:35:40,10.19,4900
000001,2018.09.03T09:35:40,10.19,200
000001,2018.09.03T09:35:40,10.19,100
000001,2018.09.03T09:35:40,10.18,400
000001,2018.09.03T09:35:42,10.19,1200
000001,2018.09.03T09:35:42,10.19,2700
000001,2018.09.03T09:35:42,10.19,47300
000001,2018.09.03T09:35:42,10.19,500
000001,2018.09.03T09:35:43,10.19,2000
000001,2018.09.03T09:35:43,10.19,200
000001,2018.09.03T09:35:44,10.19,500
000001,2018.09.03T09:35:45,10.19,2800
000001,2018.09.03T09:35:45,10.19,3200
000001,2018.09.03T09:35:46,10.19,11600
000001,2018.09.03T09:35:47,10.19,9000
000001,2018.09.03T09:35:48,10.18,1000
000001,2018.09.03T09:35:49,10.18,400
000001,2018.09.03T09:35:49,10.18,6600
000001,2018.09.03T09:35:49,10.18,43400
000001,2018.09.03T09:35:49,10.19,100
000001,2018.09.03T09:35:49,10.19,19500
000001,2018.09.03T09:35:49,10.19,400
000001,2018.09.03T09:35:50,10.19,200
000001,2018.09.03T09:35:51,10.18,1400
000001,2018.09.03T09:35:51,10.18,10800
000001,2018.09.03T09:35:51,10.19,2100
000001,2018.09.03T09:35:51,10.19,900
000001,2018.09.03T09:35:51,10.19,700
000001,2018.09.03T09:35:52,10.19,500
000001,2018.09.03T09:35:53,10.19,700
000001,2018.09.03T09:35:53,10.19,3200
000001,2018.09.03T09:35:53,10.19,500
000001,2018.09.03T09:35:53,10.19,200
000001,2018.09.03T09:35:53,10.19,600
000001,2018.09.03T09:35:53,10.19,1200
000001,2018.09.03T09:35:53,10.19,3900
000001,2018.09.03T09:35:54,10.19,2700
000001,2018.09.03T09:35:54,10.18,200
000001,2018.09.03T09:35:55,10.18,400
000001,2018.09.03T09:35:55,10.18,1900
000001,2018.09.03T09:35:55,10.19,2000
000001,2018.09.03T09:35:56,10.18,5000
000001,2018.09.03T09:35:58,10.19,1400
000001,2018.09.03T09:35:58,10.19,1100
000001,2018.09.03T09:35:58,10.19,3900
000001,2018.09.03T09:35:58,10.19,3000
000001,2018.09.03T09:35:58,10.19,400
000001,2018.09.03T09:35:59,10.19,100
000001,2018.09.03T09:35:59,10.18,23600
000001,2018.09.03T09:36:00,10.19,3300
000001,2018.09.03T09:36:00,10.18,900
000001,2018.09.03T09:36:00,10.18,2000
000001,2018.09.03T09:36:01,10.18,1000
000001,2018.09.03T09:36:02,10.18,17400
000001,2018.09.03T09:36:02,10.18,200
000001,2018.09.03T09:36:02,10.18,100
000001,2018.09.03T09:36:02,10.18,200
000001,2018.09.03T09:36:02,10.18,100
000001,2018.09.03T09:36:02,10.18,900
000001,2018.09.03T09:36:02,10.18,200
000001,2018.09.03T09:36:02,10.18,800
000001,2018.09.03T09:36:02,10.18,100
000001,2018.09.03T09:36:02,10.18,200
000001,2018.09.03T09:36:02,10.19,100
000001,2018.09.03T09:36:03,10.18,100
000001,2018.09.03T09:36:03,10.18,500
000001,2018.09.03T09:36:03,10.18,1500
000001,2018.09.03T09:36:03,10.18,200
000001,2018.09.03T09:36:03,10.18,500
000001,2018.09.03T09:36:03,10.18,200
000001,2018.09.03T09:36:03,10.18,2400
000001,2018.09.03T09:36:03,10.18,400
000001,2018.09.03T09:36:03,10.18,800
000001,2018.09.03T09:36:03,10.18,2600
000001,2018.09.03T09:36:03,10.18,1000
000001,2018.09.03T09:36:03,10.18,700
000001,2018.09.03T09:36:03,10.18,600
000001,2018.09.03T09:36:03,10.18,100
000001,2018.09.03T09:36:03,10.18,800
000001,2018.09.03T09:36:03,10.18,100
000001,2018.09.03T09:36:03,10.18,800
000001,2018.09.03T09:36:04,10.18,1000
000001,2018.09.03T09:36:04,10.18,400
000001,2018.09.03T09:36:05,10.18,300
000001,2018.09.03T09:36:05,10.18,100
000001,2018.09.03T09:36:05,10.18,400
000001,2018.09.03T09:36:05,10.18,1000
000001,2018.09.03T09:36:05,10.18,100
000001,2018.09.03T09:36:08,10.17,100
000001,2018.09.03T09:36:08,10.17,100
000001,2018.09.03T09:36:08,10.18,100
000001,2018.09.03T09:36:08,10.18,100
000001,2018.09.03T09:36:08,10.18,23600
000001,2018.09.03T09:36:08,10.19,1400
000001,2018.09.03T09:36:08,10.19,1000
000001,2018.09.03T09:36:08,10.19,1000
000001,2018.09.03T09:36:08,10.17,1100
000001,2018.09.03T09:36:08,10.18,10300
000001,2018.09.03T09:36:08,10.18,1000
000001,2018.09.03T09:36:08,10.18,100
000001,2018.09.03T09:36:08,10.19,1000
000001,2018.09.03T09:36:08,10.19,500
000001,2018.09.03T09:36:08,10.19,2000
000001,2018.09.03T09:36:08,10.19,2700
000001,2018.09.03T09:36:10,10.18,200
000001,2018.09.03T09:36:10,10.18,300
000001,2018.09.03T09:36:10,10.18,300
000001,2018.09.03T09:36:11,10.16,1000
000001,2018.09.03T09:36:12,10.19,387
000001,2018.09.03T09:36:12,10.18,200
000001,2018.09.03T09:36:12,10.18,313
000001,2018.09.03T09:36:12,10.19,300
000001,2018.09.03T09:36:12,10.19,800
000001,2018.09.03T09:36:12,10.16,1800
000001,2018.09.03T09:36:12,10.16,1000
000001,2018.09.03T09:36:12,10.16,100
000001,2018.09.03T09:36:12,10.16,700
000001,2018.09.03T09:36:12,10.19,613
000001,2018.09.03T09:36:12,10.19,3487
000001,2018.09.03T09:36:14,10.18,100
000001,2018.09.03T09:36:14,10.18,300
000001,2018.09.03T09:36:14,10.18,100
000001,2018.09.03T09:36:14,10.18,200
000001,2018.09.03T09:36:15,10.18,200
000001,2018.09.03T09:36:15,10.18,100
000001,2018.09.03T09:36:15,10.18,2600
000001,2018.09.03T09:36:15,10.18,200
000001,2018.09.03T09:36:15,10.18,400
000001,2018.09.03T09:36:15,10.18,200
000001,2018.09.03T09:36:15,10.17,400
000001,2018.09.03T09:36:15,10.18,600
000001,2018.09.03T09:36:15,10.18,200
000001,2018.09.03T09:36:17,10.18,100
000001,2018.09.03T09:36:17,10.18,100
000001,2018.09.03T09:36:17,10.18,500
000001,2018.09.03T09:36:17,10.17,200
000001,2018.09.03T09:36:18,10.18,1400
000001,2018.09.03T09:36:18,10.17,100
000001,2018.09.03T09:36:19,10.18,2700
000001,2018.09.03T09:36:20,10.19,1000
000001,2018.09.03T09:36:20,10.19,300
000001,2018.09.03T09:36:21,10.18,1000
000001,2018.09.03T09:36:21,10.18,100
000001,2018.09.03T09:36:22,10.18,900
000001,2018.09.03T09:36:22,10.18,1100
000001,2018.09.03T09:36:22,10.18,900
000001,2018.09.03T09:36:23,10.18,2700
000001,2018.09.03T09:36:24,10.18,1400
000001,2018.09.03T09:36:24,10.18,500
000001,2018.09.03T09:36:24,10.18,200
000001,2018.09.03T09:36:24,10.18,3200
000001,2018.09.03T09:36:25,10.18,5100
000001,2018.09.03T09:36:25,10.18,1000
000001,2018.09.03T09:36:25,10.18,4900
000001,2018.09.03T09:36:25,10.18,400
000001,2018.09.03T09:36:25,10.18,1000
000001,2018.09.03T09:36:25,10.18,1400
000001,2018.09.03T09:36:25,10.19,600
000001,2018.09.03T09:36:25,10.18,1100
000001,2018.09.03T09:36:28,10.19,200
000001,2018.09.03T09:36:28,10.18,4300
000001,2018.09.03T09:36:29,10.18,100
000001,2018.09.03T09:36:29,10.18,800
000001,2018.09.03T09:36:29,10.18,2700
000001,2018.09.03T09:36:29,10.18,100
000001,2018.09.03T09:36:29,10.18,800
000001,2018.09.03T09:36:29,10.18,2300
000001,2018.09.03T09:36:29,10.18,1000
000001,2018.09.03T09:36:29,10.18,3200
000001,2018.09.03T09:36:29,10.18,1100
000001,2018.09.03T09:36:29,10.18,30000
000001,2018.09.03T09:36:29,10.18,3000
000001,2018.09.03T09:36:30,10.18,500
000001,2018.09.03T09:36:31,10.17,4800
000001,2018.09.03T09:36:32,10.18,300
000001,2018.09.03T09:36:33,10.18,200
000001,2018.09.03T09:36:35,10.18,700
000001,2018.09.03T09:36:36,10.17,8600
000001,2018.09.03T09:36:36,10.17,11400
000001,2018.09.03T09:36:36,10.17,23400
000001,2018.09.03T09:36:37,10.18,1600
000001,2018.09.03T09:36:37,10.18,3000
000001,2018.09.03T09:36:38,10.18,2900
000001,2018.09.03T09:36:39,10.18,2200
000001,2018.09.03T09:36:40,10.18,50000
000001,2018.09.03T09:36:40,10.18,59900
000001,2018.09.03T09:36:40,10.18,4000
000001,2018.09.03T09:36:40,10.18,700
000001,2018.09.03T09:36:40,10.18,7200
000001,2018.09.03T09:36:40,10.18,10000
000001,2018.09.03T09:36:40,10.18,2000
000001,2018.09.03T09:36:40,10.17,400
000001,2018.09.03T09:36:41,10.17,500
000001,2018.09.03T09:36:41,10.18,400
000001,2018.09.03T09:36:42,10.18,400
000001,2018.09.03T09:36:43,10.18,800
000001,2018.09.03T09:36:43,10.18,400
000001,2018.09.03T09:36:43,10.17,400
000001,2018.09.03T09:36:43,10.18,1700
000001,2018.09.03T09:36:43,10.18,100
000001,2018.09.03T09:36:43,10.18,700
000001,2018.09.03T09:36:43,10.17,400
000001,2018.09.03T09:36:48,10.18,500
000001,2018.09.03T09:36:49,10.19,1000
000001,2018.09.03T09:36:49,10.19,600
000001,2018.09.03T09:36:49,10.19,5000
000001,2018.09.03T09:36:49,10.19,900
000001,2018.09.03T09:36:49,10.19,2087
000001,2018.09.03T09:36:49,10.19,4413
000001,2018.09.03T09:36:49,10.19,20300
000001,2018.09.03T09:36:49,10.19,12900
000001,2018.09.03T09:36:49,10.19,1700
000001,2018.09.03T09:36:49,10.19,1500
000001,2018.09.03T09:36:49,10.18,100
000001,2018.09.03T09:36:49,10.18,100
000001,2018.09.03T09:36:49,10.18,100
000001,2018.09.03T09:36:49,10.18,9300
000001,2018.09.03T09:36:49,10.18,300
000001,2018.09.03T09:36:49,10.18,100
000001,2018.09.03T09:36:49,10.18,500
000001,2018.09.03T09:36:50,10.18,1300
000001,2018.09.03T09:36:50,10.18,1900
000001,2018.09.03T09:36:50,10.18,500
000001,2018.09.03T09:36:51,10.19,700
000001,2018.09.03T09:36:51,10.18,900
000001,2018.09.03T09:36:52,10.19,500
000001,2018.09.03T09:36:52,10.19,1287
000001,2018.09.03T09:36:52,10.19,1313
000001,2018.09.03T09:36:53,10.18,6300
000001,2018.09.03T09:36:54,10.19,1000
000001,2018.09.03T09:36:55,10.19,2000
000001,2018.09.03T09:36:56,10.18,400
000001,2018.09.03T09:36:56,10.19,500
000001,2018.09.03T09:36:56,10.18,20000
000001,2018.09.03T09:36:57,10.18,500
000001,2018.09.03T09:36:57,10.18,600
000001,2018.09.03T09:36:57,10.18,600
000001,2018.09.03T09:36:58,10.18,100
000001,2018.09.03T09:36:58,10.19,5887
000001,2018.09.03T09:36:58,10.19,200
000001,2018.09.03T09:36:58,10.19,13
000001,2018.09.03T09:36:59,10.18,100
000001,2018.09.03T09:36:59,10.18,1900
000001,2018.09.03T09:36:59,10.18,2000
000001,2018.09.03T09:36:59,10.18,10000
000001,2018.09.03T09:36:59,10.18,600
000001,2018.09.03T09:36:59,10.17,12600
000001,2018.09.03T09:36:59,10.18,2000
000001,2018.09.03T09:36:59,10.18,100
000001,2018.09.03T09:36:59,10.18,700
000001,2018.09.03T09:36:59,10.19,500
000001,2018.09.03T09:36:59,10.18,200
000001,2018.09.03T09:37:00,10.18,100
000001,2018.09.03T09:37:00,10.18,1100
000001,2018.09.03T09:37:00,10.18,200
000001,2018.09.03T09:37:01,10.18,1200
000001,2018.09.03T09:37:02,10.18,7700
000001,2018.09.03T09:37:02,10.18,100
000001,2018.09.03T09:37:02,10.18,12300
000001,2018.09.03T09:37:03,10.18,500
000001,2018.09.03T09:37:03,10.18,7200
000001,2018.09.03T09:37:03,10.18,100
000001,2018.09.03T09:37:03,10.18,5700
000001,2018.09.03T09:37:03,10.17,400
000001,2018.09.03T09:37:04,10.17,106900
000001,2018.09.03T09:37:06,10.18,1000
000001,2018.09.03T09:37:07,10.18,700
000001,2018.09.03T09:37:07,10.18,100
000001,2018.09.03T09:37:07,10.18,1000
000001,2018.09.03T09:37:08,10.17,2900
000001,2018.09.03T09:37:09,10.18,4700
000001,2018.09.03T09:37:09,10.18,6800
000001,2018.09.03T09:37:09,10.18,2100
000001,2018.09.03T09:37:10,10.18,500
000001,2018.09.03T09:37:10,10.17,1000
000001,2018.09.03T09:37:10,10.18,200
000001,2018.09.03T09:37:10,10.18,400
000001,2018.09.03T09:37:11,10.17,400
000001,2018.09.03T09:37:11,10.17,300
000001,2018.09.03T09:37:12,10.17,100
000001,2018.09.03T09:37:14,10.18,1100
000001,2018.09.03T09:37:14,10.18,200
000001,2018.09.03T09:37:14,10.18,2000
000001,2018.09.03T09:37:14,10.18,500
000001,2018.09.03T09:37:14,10.18,3000
000001,2018.09.03T09:37:14,10.18,1600
000001,2018.09.03T09:37:14,10.18,400
000001,2018.09.03T09:37:14,10.18,14100
000001,2018.09.03T09:37:15,10.19,600
000001,2018.09.03T09:37:15,10.18,900
000001,2018.09.03T09:37:15,10.18,6200
000001,2018.09.03T09:37:15,10.18,200
000001,2018.09.03T09:37:16,10.17,1000
000001,2018.09.03T09:37:17,10.18,9600
000001,2018.09.03T09:37:17,10.17,2700
000001,2018.09.03T09:37:17,10.17,300
000001,2018.09.03T09:37:17,10.17,2000
000001,2018.09.03T09:37:19,10.18,1200
000001,2018.09.03T09:37:19,10.18,2000
000001,2018.09.03T09:37:20,10.18,600
000001,2018.09.03T09:37:21,10.18,1000
000001,2018.09.03T09:37:21,10.18,600
000001,2018.09.03T09:37:21,10.18,600
000001,2018.09.03T09:37:22,10.18,1000
000001,2018.09.03T09:37:23,10.18,70000
000001,2018.09.03T09:37:23,10.18,2700
000001,2018.09.03T09:37:25,10.18,1000
000001,2018.09.03T09:37:25,10.18,100
000001,2018.09.03T09:37:25,10.18,3200
000001,2018.09.03T09:37:25,10.18,100
000001,2018.09.03T09:37:25,10.18,100
000001,2018.09.03T09:37:25,10.18,3000
000001,2018.09.03T09:37:25,10.18,200
000001,2018.09.03T09:37:25,10.18,100
000001,2018.09.03T09:37:25,10.18,1000
000001,2018.09.03T09:37:25,10.18,5000
000001,2018.09.03T09:37:25,10.18,2300
000001,2018.09.03T09:37:26,10.18,2700
000001,2018.09.03T09:37:27,10.18,500
000001,2018.09.03T09:37:28,10.19,3900
000001,2018.09.03T09:37:30,10.18,100
000001,2018.09.03T09:37:31,10.18,1900
000001,2018.09.03T09:37:32,10.18,100
000001,2018.09.03T09:37:32,10.18,400
000001,2018.09.03T09:37:32,10.19,6700
000001,2018.09.03T09:37:32,10.18,5000
000001,2018.09.03T09:37:34,10.19,6900
000001,2018.09.03T09:37:34,10.19,200
000001,2018.09.03T09:37:34,10.19,7887
000001,2018.09.03T09:37:34,10.19,2413
000001,2018.09.03T09:37:34,10.19,1000
000001,2018.09.03T09:37:34,10.19,10000
000001,2018.09.03T09:37:34,10.19,1000
000001,2018.09.03T09:37:34,10.18,1500
000001,2018.09.03T09:37:35,10.18,2200
000001,2018.09.03T09:37:35,10.19,200
000001,2018.09.03T09:37:35,10.18,2500
000001,2018.09.03T09:37:35,10.18,900
000001,2018.09.03T09:37:36,10.19,1100
000001,2018.09.03T09:37:36,10.19,813
000001,2018.09.03T09:37:36,10.19,500
000001,2018.09.03T09:37:36,10.19,500
000001,2018.09.03T09:37:36,10.19,1800
000001,2018.09.03T09:37:36,10.19,1000
000001,2018.09.03T09:37:36,10.19,400
000001,2018.09.03T09:37:36,10.19,1000
000001,2018.09.03T09:37:36,10.19,5300
000001,2018.09.03T09:37:36,10.19,100
000001,2018.09.03T09:37:36,10.19,800
000001,2018.09.03T09:37:36,10.19,3000
000001,2018.09.03T09:37:36,10.19,12000
000001,2018.09.03T09:37:36,10.19,2187
000001,2018.09.03T09:37:37,10.19,813
000001,2018.09.03T09:37:37,10.19,6687
000001,2018.09.03T09:37:37,10.19,200
000001,2018.09.03T09:37:37,10.18,5900
000001,2018.09.03T09:37:37,10.19,2600
000001,2018.09.03T09:37:38,10.19,1787
000001,2018.09.03T09:37:38,10.19,48213
000001,2018.09.03T09:37:38,10.19,213
000001,2018.09.03T09:37:38,10.19,1100
000001,2018.09.03T09:37:38,10.19,2000
000001,2018.09.03T09:37:38,10.19,300
000001,2018.09.03T09:37:38,10.19,300
000001,2018.09.03T09:37:38,10.19,1200
000001,2018.09.03T09:37:38,10.2,1000
000001,2018.09.03T09:37:38,10.2,200
000001,2018.09.03T09:37:38,10.2,1000
000001,2018.09.03T09:37:38,10.2,800
000001,2018.09.03T09:37:38,10.2,2000
000001,2018.09.03T09:37:38,10.2,1000
000001,2018.09.03T09:37:38,10.2,2500
000001,2018.09.03T09:37:38,10.2,9000
000001,2018.09.03T09:37:38,10.2,300
000001,2018.09.03T09:37:38,10.2,2000
000001,2018.09.03T09:37:38,10.2,10000
000001,2018.09.03T09:37:38,10.2,3100
000001,2018.09.03T09:37:38,10.2,1900
000001,2018.09.03T09:37:38,10.2,24900
000001,2018.09.03T09:37:38,10.2,500
000001,2018.09.03T09:37:38,10.2,200
000001,2018.09.03T09:37:38,10.2,100
000001,2018.09.03T09:37:38,10.2,1000
000001,2018.09.03T09:37:38,10.2,600
000001,2018.09.03T09:37:38,10.2,1800
000001,2018.09.03T09:37:38,10.2,1300
000001,2018.09.03T09:37:38,10.2,1800
000001,2018.09.03T09:37:38,10.2,500
000001,2018.09.03T09:37:38,10.2,10000
000001,2018.09.03T09:37:38,10.2,10000
000001,2018.09.03T09:37:38,10.2,500
000001,2018.09.03T09:37:38,10.2,500
000001,2018.09.03T09:37:38,10.2,2000
000001,2018.09.03T09:37:38,10.2,3000
000001,2018.09.03T09:37:38,10.2,100
000001,2018.09.03T09:37:38,10.2,1000
000001,2018.09.03T09:37:38,10.2,2100
000001,2018.09.03T09:37:38,10.2,10000
000001,2018.09.03T09:37:38,10.2,3200
000001,2018.09.03T09:37:38,10.2,2000
000001,2018.09.03T09:37:38,10.2,1000
000001,2018.09.03T09:37:38,10.2,10000
000001,2018.09.03T09:37:38,10.2,2000
000001,2018.09.03T09:37:39,10.21,200
000001,2018.09.03T09:37:39,10.2,1900
000001,2018.09.03T09:37:39,10.2,1600
000001,2018.09.03T09:37:40,10.21,300
000001,2018.09.03T09:37:40,10.21,10000
000001,2018.09.03T09:37:40,10.21,2100
000001,2018.09.03T09:37:40,10.21,10000
000001,2018.09.03T09:37:40,10.21,6000
000001,2018.09.03T09:37:40,10.21,900
000001,2018.09.03T09:37:40,10.21,4100
000001,2018.09.03T09:37:40,10.21,3000
000001,2018.09.03T09:37:40,10.21,400
000001,2018.09.03T09:37:40,10.21,25000
000001,2018.09.03T09:37:40,10.21,10000
000001,2018.09.03T09:37:40,10.21,2000
000001,2018.09.03T09:37:40,10.21,1000
000001,2018.09.03T09:37:40,10.21,1000
000001,2018.09.03T09:37:40,10.21,1000
000001,2018.09.03T09:37:40,10.21,1000
000001,2018.09.03T09:37:40,10.21,1400
000001,2018.09.03T09:37:40,10.21,10000
000001,2018.09.03T09:37:40,10.21,1500
000001,2018.09.03T09:37:40,10.21,1000
000001,2018.09.03T09:37:40,10.21,1700
000001,2018.09.03T09:37:40,10.21,300
000001,2018.09.03T09:37:40,10.21,300
000001,2018.09.03T09:37:40,10.21,200
000001,2018.09.03T09:37:41,10.21,1000
000001,2018.09.03T09:37:41,10.21,500
000001,2018.09.03T09:37:41,10.21,1500
000001,2018.09.03T09:37:42,10.21,1400
000001,2018.09.03T09:37:42,10.22,900
000001,2018.09.03T09:37:42,10.22,3000
000001,2018.09.03T09:37:42,10.22,5000
000001,2018.09.03T09:37:42,10.22,1900
000001,2018.09.03T09:37:42,10.22,1000
000001,2018.09.03T09:37:42,10.22,2000
000001,2018.09.03T09:37:42,10.22,500
000001,2018.09.03T09:37:42,10.22,100
000001,2018.09.03T09:37:42,10.22,2000
000001,2018.09.03T09:37:42,10.22,3000
000001,2018.09.03T09:37:42,10.22,2000
000001,2018.09.03T09:37:42,10.22,10000
000001,2018.09.03T09:37:42,10.22,1900
000001,2018.09.03T09:37:44,10.22,1000
000001,2018.09.03T09:37:44,10.22,900
000001,2018.09.03T09:37:45,10.22,1000
000001,2018.09.03T09:37:45,10.21,4000
000001,2018.09.03T09:37:46,10.23,200
000001,2018.09.03T09:37:46,10.23,100
000001,2018.09.03T09:37:46,10.23,3000
000001,2018.09.03T09:37:46,10.23,1000
000001,2018.09.03T09:37:46,10.23,2000
000001,2018.09.03T09:37:46,10.23,900
000001,2018.09.03T09:37:46,10.23,1000
000001,2018.09.03T09:37:46,10.23,400
000001,2018.09.03T09:37:46,10.23,5000
000001,2018.09.03T09:37:46,10.23,1000
000001,2018.09.03T09:37:46,10.23,1000
000001,2018.09.03T09:37:46,10.23,300
000001,2018.09.03T09:37:46,10.23,1000
000001,2018.09.03T09:37:46,10.23,1500
000001,2018.09.03T09:37:46,10.22,2000
000001,2018.09.03T09:37:47,10.23,1500
000001,2018.09.03T09:37:48,10.23,2000
000001,2018.09.03T09:37:48,10.23,1000
000001,2018.09.03T09:37:48,10.23,200
000001,2018.09.03T09:37:48,10.23,3000
000001,2018.09.03T09:37:48,10.23,2000
000001,2018.09.03T09:37:48,10.23,900
000001,2018.09.03T09:37:48,10.23,2000
000001,2018.09.03T09:37:48,10.23,2000
000001,2018.09.03T09:37:48,10.23,500
000001,2018.09.03T09:37:48,10.23,500
000001,2018.09.03T09:37:48,10.23,1000
000001,2018.09.03T09:37:48,10.23,500
000001,2018.09.03T09:37:48,10.23,500
000001,2018.09.03T09:37:48,10.23,1500
000001,2018.09.03T09:37:48,10.23,5600
000001,2018.09.03T09:37:48,10.23,2900
000001,2018.09.03T09:37:48,10.23,2800
000001,2018.09.03T09:37:49,10.22,1900
000001,2018.09.03T09:37:49,10.23,200
000001,2018.09.03T09:37:49,10.22,6200
000001,2018.09.03T09:37:49,10.22,2600
000001,2018.09.03T09:37:49,10.21,19400
000001,2018.09.03T09:37:49,10.23,200
000001,2018.09.03T09:37:49,10.22,600
000001,2018.09.03T09:37:49,10.21,700
000001,2018.09.03T09:37:50,10.23,1000
000001,2018.09.03T09:37:51,10.23,5200
000001,2018.09.03T09:37:53,10.24,3000
000001,2018.09.03T09:37:53,10.23,2000
000001,2018.09.03T09:37:54,10.23,1300
000001,2018.09.03T09:37:54,10.23,2000
000001,2018.09.03T09:37:55,10.23,10000
000001,2018.09.03T09:37:56,10.24,3600
000001,2018.09.03T09:37:56,10.24,200
000001,2018.09.03T09:37:56,10.24,1000
000001,2018.09.03T09:37:56,10.24,200
000001,2018.09.03T09:37:57,10.24,1700
000001,2018.09.03T09:37:57,10.24,200
000001,2018.09.03T09:37:57,10.24,1100
000001,2018.09.03T09:37:57,10.24,100
000001,2018.09.03T09:37:57,10.24,1000
000001,2018.09.03T09:37:57,10.23,1000
000001,2018.09.03T09:37:58,10.23,5000
000001,2018.09.03T09:37:58,10.24,5000
000001,2018.09.03T09:37:58,10.24,1000
000001,2018.09.03T09:37:58,10.24,1500
000001,2018.09.03T09:37:58,10.24,1000
000001,2018.09.03T09:37:58,10.24,600
000001,2018.09.03T09:37:58,10.24,600
000001,2018.09.03T09:37:58,10.24,8900
000001,2018.09.03T09:37:58,10.24,8900
000001,2018.09.03T09:37:58,10.24,5000
000001,2018.09.03T09:37:58,10.24,2500
000001,2018.09.03T09:37:58,10.24,200
000001,2018.09.03T09:37:58,10.24,1800
000001,2018.09.03T09:37:58,10.24,3000
000001,2018.09.03T09:37:59,10.24,1100
000001,2018.09.03T09:37:59,10.24,300
000001,2018.09.03T09:38:00,10.23,300
000001,2018.09.03T09:38:00,10.24,200
000001,2018.09.03T09:38:00,10.24,500
000001,2018.09.03T09:38:00,10.24,500
000001,2018.09.03T09:38:00,10.24,1200
000001,2018.09.03T09:38:00,10.24,100
000001,2018.09.03T09:38:00,10.24,100
000001,2018.09.03T09:38:00,10.24,200
000001,2018.09.03T09:38:00,10.24,1100
000001,2018.09.03T09:38:01,10.24,3500
000001,2018.09.03T09:38:01,10.24,500
000001,2018.09.03T09:38:01,10.24,600
000001,2018.09.03T09:38:01,10.24,3000
000001,2018.09.03T09:38:01,10.24,400
000001,2018.09.03T09:38:01,10.24,1400
000001,2018.09.03T09:38:01,10.24,100
000001,2018.09.03T09:38:02,10.24,300
000001,2018.09.03T09:38:02,10.24,800
000001,2018.09.03T09:38:02,10.24,300
000001,2018.09.03T09:38:02,10.24,300
000001,2018.09.03T09:38:02,10.24,600
000001,2018.09.03T09:38:02,10.24,800
000001,2018.09.03T09:38:02,10.24,400
000001,2018.09.03T09:38:02,10.24,1900
000001,2018.09.03T09:38:02,10.24,1000
000001,2018.09.03T09:38:02,10.24,200
000001,2018.09.03T09:38:03,10.24,400
000001,2018.09.03T09:38:03,10.23,5000
000001,2018.09.03T09:38:03,10.24,100
000001,2018.09.03T09:38:04,10.24,1100
000001,2018.09.03T09:38:04,10.24,800
000001,2018.09.03T09:38:04,10.24,300
000001,2018.09.03T09:38:04,10.23,2500
000001,2018.09.03T09:38:05,10.24,100
000001,2018.09.03T09:38:06,10.24,4700
000001,2018.09.03T09:38:06,10.23,500
000001,2018.09.03T09:38:07,10.24,900
000001,2018.09.03T09:38:07,10.24,100
000001,2018.09.03T09:38:07,10.24,500
000001,2018.09.03T09:38:07,10.24,2200
000001,2018.09.03T09:38:07,10.24,100
000001,2018.09.03T09:38:08,10.23,300
000001,2018.09.03T09:38:08,10.24,400
000001,2018.09.03T09:38:08,10.23,1000
000001,2018.09.03T09:38:09,10.24,2500
000001,2018.09.03T09:38:09,10.24,500
000001,2018.09.03T09:38:09,10.24,1000
000001,2018.09.03T09:38:09,10.23,22900
000001,2018.09.03T09:38:09,10.23,8100
000001,2018.09.03T09:38:09,10.23,2400
000001,2018.09.03T09:38:09,10.23,1600
000001,2018.09.03T09:38:09,10.23,100
000001,2018.09.03T09:38:09,10.23,300
000001,2018.09.03T09:38:09,10.23,2000
000001,2018.09.03T09:38:09,10.23,100
000001,2018.09.03T09:38:09,10.23,1500
000001,2018.09.03T09:38:09,10.23,800
000001,2018.09.03T09:38:09,10.23,2200
000001,2018.09.03T09:38:09,10.23,2100
000001,2018.09.03T09:38:09,10.23,1400
000001,2018.09.03T09:38:09,10.23,800
000001,2018.09.03T09:38:09,10.23,40000
000001,2018.09.03T09:38:09,10.23,200
000001,2018.09.03T09:38:09,10.23,1500
000001,2018.09.03T09:38:09,10.23,1000
000001,2018.09.03T09:38:09,10.23,5000
000001,2018.09.03T09:38:09,10.23,100
000001,2018.09.03T09:38:09,10.23,300
000001,2018.09.03T09:38:09,10.23,2400
000001,2018.09.03T09:38:09,10.23,200
000001,2018.09.03T09:38:09,10.23,600
000001,2018.09.03T09:38:09,10.23,400
000001,2018.09.03T09:38:09,10.23,300
000001,2018.09.03T09:38:09,10.23,300
000001,2018.09.03T09:38:09,10.23,100
000001,2018.09.03T09:38:09,10.23,1300
000001,2018.09.03T09:38:09,10.23,5000
000001,2018.09.03T09:38:09,10.23,900
000001,2018.09.03T09:38:09,10.22,100
000001,2018.09.03T09:38:10,10.23,1300
000001,2018.09.03T09:38:10,10.23,1200
000001,2018.09.03T09:38:10,10.23,800
000001,2018.09.03T09:38:10,10.23,100
000001,2018.09.03T09:38:10,10.23,500
000001,2018.09.03T09:38:11,10.23,1000
000001,2018.09.03T09:38:11,10.23,1000
000001,2018.09.03T09:38:12,10.23,400
000001,2018.09.03T09:38:12,10.23,1800
000001,2018.09.03T09:38:13,10.23,100
000001,2018.09.03T09:38:13,10.23,8200
000001,2018.09.03T09:38:13,10.22,100
000001,2018.09.03T09:38:14,10.23,2000
000001,2018.09.03T09:38:16,10.23,3000
000001,2018.09.03T09:38:16,10.23,400
000001,2018.09.03T09:38:16,10.23,4000
000001,2018.09.03T09:38:17,10.23,600
000001,2018.09.03T09:38:17,10.22,100
000001,2018.09.03T09:38:17,10.22,1300
000001,2018.09.03T09:38:17,10.22,5000
000001,2018.09.03T09:38:17,10.22,2000
000001,2018.09.03T09:38:17,10.22,300
000001,2018.09.03T09:38:17,10.21,35200
000001,2018.09.03T09:38:17,10.22,2400
000001,2018.09.03T09:38:17,10.22,500
000001,2018.09.03T09:38:17,10.22,300
000001,2018.09.03T09:38:17,10.22,700
000001,2018.09.03T09:38:17,10.22,100
000001,2018.09.03T09:38:17,10.22,500
000001,2018.09.03T09:38:17,10.22,500
000001,2018.09.03T09:38:18,10.22,400
000001,2018.09.03T09:38:19,10.21,3300
000001,2018.09.03T09:38:19,10.21,200
000001,2018.09.03T09:38:19,10.21,800
000001,2018.09.03T09:38:20,10.22,2000
000001,2018.09.03T09:38:20,10.22,1000
000001,2018.09.03T09:38:20,10.21,100
000001,2018.09.03T09:38:20,10.2,2100
000001,2018.09.03T09:38:21,10.2,4300
000001,2018.09.03T09:38:21,10.21,100
000001,2018.09.03T09:38:21,10.21,3500
000001,2018.09.03T09:38:21,10.21,2500
000001,2018.09.03T09:38:21,10.22,500
000001,2018.09.03T09:38:23,10.21,500
000001,2018.09.03T09:38:23,10.21,3000
000001,2018.09.03T09:38:23,10.21,800
000001,2018.09.03T09:38:23,10.22,16500
000001,2018.09.03T09:38:23,10.22,500
000001,2018.09.03T09:38:24,10.22,500
000001,2018.09.03T09:38:25,10.22,8100
000001,2018.09.03T09:38:25,10.22,100
000001,2018.09.03T09:38:25,10.22,200
000001,2018.09.03T09:38:25,10.22,1600
000001,2018.09.03T09:38:26,10.22,400
000001,2018.09.03T09:38:26,10.22,300
000001,2018.09.03T09:38:26,10.22,6700
000001,2018.09.03T09:38:26,10.21,900
000001,2018.09.03T09:38:26,10.21,3100
000001,2018.09.03T09:38:26,10.21,300
000001,2018.09.03T09:38:26,10.22,500
000001,2018.09.03T09:38:27,10.21,700
000001,2018.09.03T09:38:27,10.2,2600
000001,2018.09.03T09:38:27,10.21,800
000001,2018.09.03T09:38:28,10.2,400
000001,2018.09.03T09:38:29,10.21,200
000001,2018.09.03T09:38:30,10.2,900
000001,2018.09.03T09:38:30,10.21,1100
000001,2018.09.03T09:38:30,10.22,19500
000001,2018.09.03T09:38:30,10.22,1000
000001,2018.09.03T09:38:30,10.22,700
000001,2018.09.03T09:38:30,10.22,5000
000001,2018.09.03T09:38:30,10.22,900
000001,2018.09.03T09:38:30,10.22,1000
000001,2018.09.03T09:38:30,10.21,8300
000001,2018.09.03T09:38:30,10.21,4300
000001,2018.09.03T09:38:30,10.22,500
000001,2018.09.03T09:38:30,10.22,500
000001,2018.09.03T09:38:30,10.22,1000
000001,2018.09.03T09:38:30,10.22,500
000001,2018.09.03T09:38:32,10.21,300
000001,2018.09.03T09:38:32,10.22,1500
000001,2018.09.03T09:38:32,10.22,1500
000001,2018.09.03T09:38:32,10.22,15600
000001,2018.09.03T09:38:32,10.22,1100
000001,2018.09.03T09:38:32,10.2,1000
000001,2018.09.03T09:38:33,10.2,5000
000001,2018.09.03T09:38:34,10.21,600
000001,2018.09.03T09:38:34,10.21,200
000001,2018.09.03T09:38:34,10.21,100
000001,2018.09.03T09:38:34,10.21,100
000001,2018.09.03T09:38:35,10.21,700
000001,2018.09.03T09:38:35,10.22,300
000001,2018.09.03T09:38:35,10.2,100
000001,2018.09.03T09:38:36,10.21,500
000001,2018.09.03T09:38:37,10.21,700
000001,2018.09.03T09:38:37,10.21,500
000001,2018.09.03T09:38:37,10.21,10000
000001,2018.09.03T09:38:37,10.21,13300
000001,2018.09.03T09:38:37,10.21,30000
000001,2018.09.03T09:38:38,10.22,2300
000001,2018.09.03T09:38:38,10.21,3000
000001,2018.09.03T09:38:38,10.21,2700
000001,2018.09.03T09:38:38,10.22,200
000001,2018.09.03T09:38:39,10.21,2000
000001,2018.09.03T09:38:40,10.22,800
000001,2018.09.03T09:38:40,10.21,13200
000001,2018.09.03T09:38:41,10.22,100000
000001,2018.09.03T09:38:42,10.22,2000
000001,2018.09.03T09:38:42,10.21,700
000001,2018.09.03T09:38:43,10.21,200
000001,2018.09.03T09:38:43,10.21,8000
000001,2018.09.03T09:38:43,10.21,2000
000001,2018.09.03T09:38:43,10.21,23300
000001,2018.09.03T09:38:43,10.2,100
000001,2018.09.03T09:38:43,10.2,90400
000001,2018.09.03T09:38:43,10.2,500
000001,2018.09.03T09:38:43,10.2,1800
000001,2018.09.03T09:38:43,10.2,2100
000001,2018.09.03T09:38:43,10.21,25100
000001,2018.09.03T09:38:43,10.21,600
000001,2018.09.03T09:38:43,10.21,500
000001,2018.09.03T09:38:43,10.2,14800
000001,2018.09.03T09:38:43,10.2,1400
000001,2018.09.03T09:38:43,10.2,100
000001,2018.09.03T09:38:43,10.2,3000
000001,2018.09.03T09:38:43,10.2,97600
000001,2018.09.03T09:38:43,10.2,300
000001,2018.09.03T09:38:43,10.2,3300
000001,2018.09.03T09:38:43,10.2,30000
000001,2018.09.03T09:38:43,10.2,52400
000001,2018.09.03T09:38:45,10.2,200
000001,2018.09.03T09:38:46,10.2,1900
000001,2018.09.03T09:38:46,10.2,200
000001,2018.09.03T09:38:47,10.2,500
000001,2018.09.03T09:38:47,10.2,7400
000001,2018.09.03T09:38:47,10.2,100
000001,2018.09.03T09:38:47,10.2,100
000001,2018.09.03T09:38:47,10.2,1000
000001,2018.09.03T09:38:48,10.2,400
000001,2018.09.03T09:38:49,10.2,500
000001,2018.09.03T09:38:50,10.2,1000
000001,2018.09.03T09:38:50,10.2,100
000001,2018.09.03T09:38:51,10.21,500
000001,2018.09.03T09:38:51,10.2,500
000001,2018.09.03T09:38:51,10.19,1100
000001,2018.09.03T09:38:51,10.2,500
000001,2018.09.03T09:38:51,10.19,300
000001,2018.09.03T09:38:51,10.19,100
000001,2018.09.03T09:38:52,10.21,200
000001,2018.09.03T09:38:53,10.2,600
000001,2018.09.03T09:38:53,10.2,1000
000001,2018.09.03T09:38:53,10.21,200
000001,2018.09.03T09:38:53,10.22,216200
000001,2018.09.03T09:38:53,10.21,2000
000001,2018.09.03T09:38:53,10.21,100
000001,2018.09.03T09:38:53,10.21,1500
000001,2018.09.03T09:38:57,10.2,3100
000001,2018.09.03T09:38:57,10.2,1000
000001,2018.09.03T09:38:57,10.2,100
000001,2018.09.03T09:38:57,10.2,100
000001,2018.09.03T09:38:57,10.2,2600
000001,2018.09.03T09:38:57,10.2,2400
000001,2018.09.03T09:38:57,10.2,3000
000001,2018.09.03T09:38:57,10.2,600
000001,2018.09.03T09:38:58,10.2,100
000001,2018.09.03T09:38:58,10.21,2600
000001,2018.09.03T09:38:58,10.21,4300
000001,2018.09.03T09:38:58,10.21,4000
000001,2018.09.03T09:38:58,10.21,4900
000001,2018.09.03T09:38:58,10.21,4300
000001,2018.09.03T09:38:58,10.21,2100
000001,2018.09.03T09:39:00,10.21,2000
000001,2018.09.03T09:39:03,10.21,800
000001,2018.09.03T09:39:03,10.22,300
000001,2018.09.03T09:39:03,10.21,100
000001,2018.09.03T09:39:04,10.21,2400
000001,2018.09.03T09:39:04,10.22,1000
000001,2018.09.03T09:39:04,10.21,400
000001,2018.09.03T09:39:05,10.21,3200
000001,2018.09.03T09:39:06,10.21,8000
000001,2018.09.03T09:39:07,10.22,16700
000001,2018.09.03T09:39:07,10.22,900
000001,2018.09.03T09:39:07,10.22,1000
000001,2018.09.03T09:39:07,10.22,4000
000001,2018.09.03T09:39:07,10.22,1000
000001,2018.09.03T09:39:07,10.22,900
000001,2018.09.03T09:39:07,10.22,5900
000001,2018.09.03T09:39:07,10.22,3000
000001,2018.09.03T09:39:07,10.22,300
000001,2018.09.03T09:39:07,10.22,5000
000001,2018.09.03T09:39:07,10.22,500
000001,2018.09.03T09:39:07,10.22,300
000001,2018.09.03T09:39:07,10.22,1800
000001,2018.09.03T09:39:07,10.22,3000
000001,2018.09.03T09:39:07,10.22,3000
000001,2018.09.03T09:39:07,10.22,3800
000001,2018.09.03T09:39:07,10.22,1000
000001,2018.09.03T09:39:07,10.22,700
000001,2018.09.03T09:39:07,10.22,100
000001,2018.09.03T09:39:07,10.21,400
000001,2018.09.03T09:39:07,10.21,500
000001,2018.09.03T09:39:07,10.21,300
000001,2018.09.03T09:39:07,10.21,400
000001,2018.09.03T09:39:07,10.21,1000
000001,2018.09.03T09:39:07,10.21,1000
000001,2018.09.03T09:39:07,10.21,200
000001,2018.09.03T09:39:07,10.22,49000
000001,2018.09.03T09:39:07,10.22,1000
000001,2018.09.03T09:39:07,10.22,1000
000001,2018.09.03T09:39:08,10.23,900
000001,2018.09.03T09:39:08,10.22,1000
000001,2018.09.03T09:39:08,10.22,400
000001,2018.09.03T09:39:10,10.22,4000
000001,2018.09.03T09:39:10,10.22,200
000001,2018.09.03T09:39:10,10.22,200
000001,2018.09.03T09:39:13,10.22,1000
000001,2018.09.03T09:39:13,10.22,20000
000001,2018.09.03T09:39:13,10.22,2100
000001,2018.09.03T09:39:16,10.23,400
000001,2018.09.03T09:39:16,10.23,2500
000001,2018.09.03T09:39:16,10.23,100
000001,2018.09.03T09:39:16,10.23,500
000001,2018.09.03T09:39:16,10.23,23700
000001,2018.09.03T09:39:16,10.23,1000
000001,2018.09.03T09:39:16,10.23,1000
000001,2018.09.03T09:39:16,10.23,1000
000001,2018.09.03T09:39:16,10.23,500
000001,2018.09.03T09:39:16,10.23,5000
000001,2018.09.03T09:39:16,10.23,500
000001,2018.09.03T09:39:16,10.23,4000
000001,2018.09.03T09:39:16,10.23,500
000001,2018.09.03T09:39:16,10.23,1000
000001,2018.09.03T09:39:16,10.23,1000
000001,2018.09.03T09:39:16,10.23,1500
000001,2018.09.03T09:39:16,10.23,3000
000001,2018.09.03T09:39:16,10.23,3000
000001,2018.09.03T09:39:16,10.23,2000
000001,2018.09.03T09:39:16,10.23,1200
000001,2018.09.03T09:39:18,10.23,1000
000001,2018.09.03T09:39:18,10.24,600
000001,2018.09.03T09:39:18,10.24,200
000001,2018.09.03T09:39:18,10.23,100
000001,2018.09.03T09:39:18,10.23,900
000001,2018.09.03T09:39:19,10.23,1000
000001,2018.09.03T09:39:19,10.23,400
000001,2018.09.03T09:39:19,10.24,100
000001,2018.09.03T09:39:20,10.23,1100
000001,2018.09.03T09:39:20,10.23,200
000001,2018.09.03T09:39:20,10.24,400
000001,2018.09.03T09:39:20,10.24,6800
000001,2018.09.03T09:39:20,10.24,2700
000001,2018.09.03T09:39:20,10.24,100
000001,2018.09.03T09:39:20,10.23,3300
000001,2018.09.03T09:39:20,10.23,20000
000001,2018.09.03T09:39:21,10.23,5400
000001,2018.09.03T09:39:21,10.23,1000
000001,2018.09.03T09:39:22,10.23,15700
000001,2018.09.03T09:39:22,10.23,5500
000001,2018.09.03T09:39:22,10.23,6000
000001,2018.09.03T09:39:22,10.23,2000
000001,2018.09.03T09:39:22,10.23,5000
000001,2018.09.03T09:39:22,10.23,2000
000001,2018.09.03T09:39:22,10.23,12000
000001,2018.09.03T09:39:22,10.23,3000
000001,2018.09.03T09:39:22,10.23,500
000001,2018.09.03T09:39:22,10.23,4500
000001,2018.09.03T09:39:22,10.23,600
000001,2018.09.03T09:39:23,10.23,35000
000001,2018.09.03T09:39:24,10.23,500
000001,2018.09.03T09:39:24,10.22,5000
000001,2018.09.03T09:39:24,10.22,20000
000001,2018.09.03T09:39:25,10.22,10100
000001,2018.09.03T09:39:25,10.22,20000
000001,2018.09.03T09:39:25,10.22,19900
000001,2018.09.03T09:39:25,10.23,4900
000001,2018.09.03T09:39:25,10.22,1000
000001,2018.09.03T09:39:25,10.22,1600
000001,2018.09.03T09:39:26,10.22,1300
000001,2018.09.03T09:39:26,10.23,500
000001,2018.09.03T09:39:27,10.22,400
000001,2018.09.03T09:39:27,10.22,45000
000001,2018.09.03T09:39:27,10.22,30800
000001,2018.09.03T09:39:27,10.22,4100
000001,2018.09.03T09:39:27,10.22,100
000001,2018.09.03T09:39:27,10.22,9000
000001,2018.09.03T09:39:27,10.22,2600
000001,2018.09.03T09:39:27,10.22,400
000001,2018.09.03T09:39:27,10.22,2000
000001,2018.09.03T09:39:27,10.22,3000
000001,2018.09.03T09:39:27,10.22,300
000001,2018.09.03T09:39:27,10.22,1000
000001,2018.09.03T09:39:27,10.22,2900
000001,2018.09.03T09:39:27,10.22,1900
000001,2018.09.03T09:39:27,10.22,1500
000001,2018.09.03T09:39:29,10.22,3000
000001,2018.09.03T09:39:29,10.22,5900
000001,2018.09.03T09:39:29,10.22,500
000001,2018.09.03T09:39:29,10.22,700
000001,2018.09.03T09:39:30,10.22,380
000001,2018.09.03T09:39:30,10.22,1620
000001,2018.09.03T09:39:31,10.21,900
000001,2018.09.03T09:39:31,10.22,400
000001,2018.09.03T09:39:31,10.22,200
000001,2018.09.03T09:39:32,10.22,320
000001,2018.09.03T09:39:32,10.22,980
000001,2018.09.03T09:39:32,10.22,600
000001,2018.09.03T09:39:32,10.21,1000
000001,2018.09.03T09:39:33,10.22,300
000001,2018.09.03T09:39:34,10.22,12000
000001,2018.09.03T09:39:34,10.22,5000
000001,2018.09.03T09:39:34,10.22,1000
000001,2018.09.03T09:39:34,10.22,500
000001,2018.09.03T09:39:34,10.22,25720
000001,2018.09.03T09:39:34,10.22,1780
000001,2018.09.03T09:39:34,10.22,1000
000001,2018.09.03T09:39:35,10.22,200
000001,2018.09.03T09:39:36,10.22,400
000001,2018.09.03T09:39:37,10.21,100
000001,2018.09.03T09:39:37,10.21,1900
000001,2018.09.03T09:39:37,10.21,5500
000001,2018.09.03T09:39:38,10.22,500
000001,2018.09.03T09:39:38,10.22,700
000001,2018.09.03T09:39:38,10.22,800
000001,2018.09.03T09:39:40,10.22,2000
000001,2018.09.03T09:39:40,10.22,700
000001,2018.09.03T09:39:40,10.22,500
000001,2018.09.03T09:39:41,10.22,4400
000001,2018.09.03T09:39:42,10.22,5000
000001,2018.09.03T09:39:42,10.22,600
000001,2018.09.03T09:39:42,10.22,6480
000001,2018.09.03T09:39:42,10.22,1000
000001,2018.09.03T09:39:42,10.22,1000
000001,2018.09.03T09:39:42,10.22,420
000001,2018.09.03T09:39:42,10.22,2000
000001,2018.09.03T09:39:42,10.22,3000
000001,2018.09.03T09:39:42,10.22,100
000001,2018.09.03T09:39:43,10.22,1900
000001,2018.09.03T09:39:43,10.22,23200
000001,2018.09.03T09:39:44,10.22,2200
000001,2018.09.03T09:39:44,10.21,500
000001,2018.09.03T09:39:44,10.21,1000
000001,2018.09.03T09:39:44,10.21,10600
000001,2018.09.03T09:39:44,10.21,1000
000001,2018.09.03T09:39:44,10.21,1900
000001,2018.09.03T09:39:44,10.21,300
000001,2018.09.03T09:39:44,10.21,17600
000001,2018.09.03T09:39:44,10.21,800
000001,2018.09.03T09:39:44,10.21,1100
000001,2018.09.03T09:39:44,10.22,200
000001,2018.09.03T09:39:44,10.22,100
000001,2018.09.03T09:39:44,10.22,500
000001,2018.09.03T09:39:45,10.21,500
000001,2018.09.03T09:39:45,10.21,1000
000001,2018.09.03T09:39:45,10.21,200
000001,2018.09.03T09:39:45,10.21,2400
000001,2018.09.03T09:39:45,10.21,500
000001,2018.09.03T09:39:45,10.21,400
000001,2018.09.03T09:39:45,10.22,1700
000001,2018.09.03T09:39:45,10.21,2000
000001,2018.09.03T09:39:47,10.21,20000
000001,2018.09.03T09:39:47,10.22,4700
000001,2018.09.03T09:39:47,10.21,27600
000001,2018.09.03T09:39:48,10.22,1000
000001,2018.09.03T09:39:48,10.22,300
000001,2018.09.03T09:39:48,10.21,5000
000001,2018.09.03T09:39:48,10.21,3500
000001,2018.09.03T09:39:49,10.21,17100
000001,2018.09.03T09:39:50,10.22,2000
000001,2018.09.03T09:39:50,10.21,2000
000001,2018.09.03T09:39:50,10.22,500
000001,2018.09.03T09:39:52,10.21,1000
000001,2018.09.03T09:39:52,10.21,700
000001,2018.09.03T09:39:52,10.21,500
000001,2018.09.03T09:39:52,10.22,200
000001,2018.09.03T09:39:53,10.22,1000
000001,2018.09.03T09:39:53,10.22,5300
000001,2018.09.03T09:39:54,10.21,400
000001,2018.09.03T09:39:54,10.22,100
000001,2018.09.03T09:39:54,10.21,100
000001,2018.09.03T09:39:54,10.21,10000
000001,2018.09.03T09:39:55,10.21,5000
000001,2018.09.03T09:39:55,10.21,2700
000001,2018.09.03T09:39:55,10.21,400
000001,2018.09.03T09:39:55,10.21,1600
000001,2018.09.03T09:39:55,10.21,100
000001,2018.09.03T09:39:55,10.21,200
000001,2018.09.03T09:39:55,10.21,6700
000001,2018.09.03T09:39:55,10.22,1000
000001,2018.09.03T09:39:56,10.22,700
000001,2018.09.03T09:39:56,10.22,600
000001,2018.09.03T09:39:57,10.22,1500
000001,2018.09.03T09:39:57,10.21,35000
000001,2018.09.03T09:39:57,10.21,800
000001,2018.09.03T09:39:57,10.21,3600
000001,2018.09.03T09:39:58,10.21,5500
000001,2018.09.03T09:39:59,10.21,300
000001,2018.09.03T09:40:00,10.21,100
000001,2018.09.03T09:40:00,10.21,1600
000001,2018.09.03T09:40:00,10.21,2800
000001,2018.09.03T09:40:01,10.21,2000
000001,2018.09.03T09:40:01,10.21,3000
000001,2018.09.03T09:40:02,10.21,100
000001,2018.09.03T09:40:03,10.2,200
000001,2018.09.03T09:40:03,10.2,300
000001,2018.09.03T09:40:03,10.21,9600
000001,2018.09.03T09:40:03,10.21,100
000001,2018.09.03T09:40:04,10.21,1000
000001,2018.09.03T09:40:04,10.21,400
000001,2018.09.03T09:40:05,10.21,400
000001,2018.09.03T09:40:06,10.2,1900
000001,2018.09.03T09:40:06,10.2,100
000001,2018.09.03T09:40:07,10.21,100
000001,2018.09.03T09:40:07,10.2,400
000001,2018.09.03T09:40:08,10.21,800
000001,2018.09.03T09:40:08,10.21,10000
000001,2018.09.03T09:40:08,10.2,400
000001,2018.09.03T09:40:08,10.2,1700
000001,2018.09.03T09:40:08,10.2,200
000001,2018.09.03T09:40:08,10.21,2000
000001,2018.09.03T09:40:09,10.2,300
000001,2018.09.03T09:40:09,10.2,400
000001,2018.09.03T09:40:09,10.2,300
000001,2018.09.03T09:40:09,10.2,200
000001,2018.09.03T09:40:09,10.2,1100
000001,2018.09.03T09:40:10,10.2,1000
000001,2018.09.03T09:40:11,10.21,400
000001,2018.09.03T09:40:11,10.2,500
000001,2018.09.03T09:40:12,10.21,3500
000001,2018.09.03T09:40:12,10.2,1000
000001,2018.09.03T09:40:12,10.2,100
000001,2018.09.03T09:40:13,10.2,100
000001,2018.09.03T09:40:13,10.2,1700
000001,2018.09.03T09:40:14,10.2,400
000001,2018.09.03T09:40:14,10.2,500
000001,2018.09.03T09:40:14,10.2,700
000001,2018.09.03T09:40:14,10.21,9600
000001,2018.09.03T09:40:15,10.2,4300
000001,2018.09.03T09:40:15,10.21,1800
000001,2018.09.03T09:40:16,10.2,4000
000001,2018.09.03T09:40:16,10.2,2400
000001,2018.09.03T09:40:16,10.2,700
000001,2018.09.03T09:40:17,10.2,800
000001,2018.09.03T09:40:17,10.2,400
000001,2018.09.03T09:40:17,10.2,100
000001,2018.09.03T09:40:17,10.2,3800
000001,2018.09.03T09:40:18,10.2,2500
000001,2018.09.03T09:40:19,10.2,200
000001,2018.09.03T09:40:19,10.2,1500
000001,2018.09.03T09:40:19,10.21,4800
000001,2018.09.03T09:40:19,10.2,700
000001,2018.09.03T09:40:19,10.2,1000
000001,2018.09.03T09:40:20,10.2,500
000001,2018.09.03T09:40:20,10.2,5000
000001,2018.09.03T09:40:21,10.2,1800
000001,2018.09.03T09:40:21,10.2,2600
000001,2018.09.03T09:40:21,10.2,300
000001,2018.09.03T09:40:21,10.2,300
000001,2018.09.03T09:40:21,10.2,200
000001,2018.09.03T09:40:21,10.2,22100
000001,2018.09.03T09:40:21,10.2,500
000001,2018.09.03T09:40:21,10.2,700
000001,2018.09.03T09:40:21,10.2,300
000001,2018.09.03T09:40:21,10.2,1400
000001,2018.09.03T09:40:22,10.2,500
000001,2018.09.03T09:40:22,10.21,200
000001,2018.09.03T09:40:22,10.2,1400
000001,2018.09.03T09:40:23,10.2,700
000001,2018.09.03T09:40:23,10.2,400
000001,2018.09.03T09:40:23,10.2,6600
000001,2018.09.03T09:40:23,10.2,200
000001,2018.09.03T09:40:23,10.2,300
000001,2018.09.03T09:40:23,10.2,1600
000001,2018.09.03T09:40:23,10.2,1300
000001,2018.09.03T09:40:23,10.2,1000
000001,2018.09.03T09:40:24,10.2,1400
000001,2018.09.03T09:40:24,10.21,1600
000001,2018.09.03T09:40:25,10.2,200
000001,2018.09.03T09:40:25,10.2,600
000001,2018.09.03T09:40:25,10.2,100
000001,2018.09.03T09:40:25,10.2,1300
000001,2018.09.03T09:40:25,10.2,100
000001,2018.09.03T09:40:25,10.2,100
000001,2018.09.03T09:40:25,10.2,5000
000001,2018.09.03T09:40:25,10.2,100
000001,2018.09.03T09:40:25,10.2,2600
000001,2018.09.03T09:40:26,10.2,5500
000001,2018.09.03T09:40:26,10.2,1000
000001,2018.09.03T09:40:26,10.2,200
000001,2018.09.03T09:40:26,10.2,300
000001,2018.09.03T09:40:26,10.2,400
000001,2018.09.03T09:40:26,10.2,100
000001,2018.09.03T09:40:26,10.2,200
000001,2018.09.03T09:40:26,10.2,400
000001,2018.09.03T09:40:26,10.2,100
000001,2018.09.03T09:40:26,10.2,500
000001,2018.09.03T09:40:26,10.2,100
000001,2018.09.03T09:40:26,10.2,100
000001,2018.09.03T09:40:26,10.2,100
000001,2018.09.03T09:40:26,10.2,200
000001,2018.09.03T09:40:26,10.2,100
000001,2018.09.03T09:40:26,10.2,300
000001,2018.09.03T09:40:26,10.2,100
000001,2018.09.03T09:40:26,10.2,100
000001,2018.09.03T09:40:26,10.2,300
000001,2018.09.03T09:40:26,10.2,300
000001,2018.09.03T09:40:26,10.2,100
000001,2018.09.03T09:40:26,10.2,1200
000001,2018.09.03T09:40:26,10.2,100
000001,2018.09.03T09:40:26,10.2,300
000001,2018.09.03T09:40:26,10.2,1000
000001,2018.09.03T09:40:26,10.2,300
000001,2018.09.03T09:40:26,10.2,100
000001,2018.09.03T09:40:26,10.2,500
000001,2018.09.03T09:40:27,10.2,2000
000001,2018.09.03T09:40:29,10.2,100
000001,2018.09.03T09:40:29,10.2,400
000001,2018.09.03T09:40:32,10.19,500
000001,2018.09.03T09:40:32,10.19,1500
000001,2018.09.03T09:40:32,10.19,600
000001,2018.09.03T09:40:32,10.19,600
000001,2018.09.03T09:40:32,10.19,100
000001,2018.09.03T09:40:32,10.19,7900
000001,2018.09.03T09:40:32,10.19,5100
000001,2018.09.03T09:40:32,10.19,1400
000001,2018.09.03T09:40:32,10.19,700
000001,2018.09.03T09:40:32,10.19,100
000001,2018.09.03T09:40:32,10.2,200
000001,2018.09.03T09:40:33,10.19,1100
000001,2018.09.03T09:40:33,10.19,900
000001,2018.09.03T09:40:34,10.19,18900
000001,2018.09.03T09:40:34,10.19,50000
000001,2018.09.03T09:40:36,10.19,100
000001,2018.09.03T09:40:36,10.19,500
000001,2018.09.03T09:40:37,10.19,50000
000001,2018.09.03T09:40:37,10.19,300
000001,2018.09.03T09:40:37,10.19,100
000001,2018.09.03T09:40:38,10.19,200
000001,2018.09.03T09:40:39,10.18,900
000001,2018.09.03T09:40:39,10.18,7200
000001,2018.09.03T09:40:40,10.18,500
000001,2018.09.03T09:40:42,10.18,200
000001,2018.09.03T09:40:42,10.18,200
000001,2018.09.03T09:40:42,10.18,2300
000001,2018.09.03T09:40:42,10.19,1000
000001,2018.09.03T09:40:42,10.19,1600
000001,2018.09.03T09:40:45,10.18,800
000001,2018.09.03T09:40:45,10.18,2200
000001,2018.09.03T09:40:47,10.18,2000
000001,2018.09.03T09:40:47,10.18,500
000001,2018.09.03T09:40:47,10.18,1000
000001,2018.09.03T09:40:47,10.18,900
000001,2018.09.03T09:40:47,10.18,1000
000001,2018.09.03T09:40:47,10.18,800
000001,2018.09.03T09:40:47,10.18,1000
000001,2018.09.03T09:40:47,10.18,2000
000001,2018.09.03T09:40:47,10.18,2000
000001,2018.09.03T09:40:47,10.18,2100
000001,2018.09.03T09:40:48,10.18,1000
000001,2018.09.03T09:40:49,10.18,1500
000001,2018.09.03T09:40:50,10.18,1400
000001,2018.09.03T09:40:50,10.18,1600
000001,2018.09.03T09:40:52,10.18,4000
000001,2018.09.03T09:40:53,10.19,500
000001,2018.09.03T09:40:53,10.18,1000
000001,2018.09.03T09:40:53,10.18,700
000001,2018.09.03T09:40:55,10.18,5000
000001,2018.09.03T09:40:55,10.19,200
000001,2018.09.03T09:40:55,10.18,400
000001,2018.09.03T09:40:55,10.18,1000
000001,2018.09.03T09:40:56,10.18,100
000001,2018.09.03T09:40:56,10.18,100
000001,2018.09.03T09:40:56,10.18,28400
000001,2018.09.03T09:40:57,10.18,500
000001,2018.09.03T09:40:58,10.18,800
000001,2018.09.03T09:40:58,10.18,1700
000001,2018.09.03T09:40:59,10.18,300
000001,2018.09.03T09:40:59,10.18,100
000001,2018.09.03T09:40:59,10.18,600
000001,2018.09.03T09:40:59,10.18,700
000001,2018.09.03T09:40:59,10.18,300
000001,2018.09.03T09:40:59,10.18,1300
000001,2018.09.03T09:40:59,10.17,300
000001,2018.09.03T09:40:59,10.17,100
000001,2018.09.03T09:40:59,10.17,2400
000001,2018.09.03T09:40:59,10.17,200
000001,2018.09.03T09:41:00,10.18,600
000001,2018.09.03T09:41:00,10.18,700
000001,2018.09.03T09:41:00,10.18,700
000001,2018.09.03T09:41:01,10.17,400
000001,2018.09.03T09:41:05,10.18,100
000001,2018.09.03T09:41:05,10.17,1400
000001,2018.09.03T09:41:05,10.17,400
000001,2018.09.03T09:41:06,10.17,1000
000001,2018.09.03T09:41:06,10.17,1500
000001,2018.09.03T09:41:06,10.17,22100
000001,2018.09.03T09:41:06,10.17,20000
000001,2018.09.03T09:41:06,10.17,3500
000001,2018.09.03T09:41:06,10.16,100
000001,2018.09.03T09:41:07,10.17,1000
000001,2018.09.03T09:41:08,10.16,400
000001,2018.09.03T09:41:08,10.16,1400
000001,2018.09.03T09:41:08,10.17,900
000001,2018.09.03T09:41:08,10.17,1000
000001,2018.09.03T09:41:10,10.17,200
000001,2018.09.03T09:41:10,10.17,200
000001,2018.09.03T09:41:10,10.17,600
000001,2018.09.03T09:41:11,10.16,600
000001,2018.09.03T09:41:11,10.16,1000
000001,2018.09.03T09:41:11,10.16,1600
000001,2018.09.03T09:41:11,10.16,1200
000001,2018.09.03T09:41:11,10.16,100
000001,2018.09.03T09:41:11,10.16,500
000001,2018.09.03T09:41:11,10.16,700
000001,2018.09.03T09:41:14,10.17,2000
000001,2018.09.03T09:41:15,10.17,100
000001,2018.09.03T09:41:15,10.16,1000
000001,2018.09.03T09:41:15,10.17,1300
000001,2018.09.03T09:41:16,10.17,200
000001,2018.09.03T09:41:16,10.16,100
000001,2018.09.03T09:41:16,10.16,1000
000001,2018.09.03T09:41:16,10.16,1500
000001,2018.09.03T09:41:16,10.16,1200
000001,2018.09.03T09:41:16,10.16,4300
000001,2018.09.03T09:41:16,10.16,500
000001,2018.09.03T09:41:17,10.17,100
000001,2018.09.03T09:41:18,10.16,100
000001,2018.09.03T09:41:20,10.16,1000
000001,2018.09.03T09:41:23,10.17,300
000001,2018.09.03T09:41:24,10.16,800
000001,2018.09.03T09:41:24,10.17,100
000001,2018.09.03T09:41:24,10.17,400
000001,2018.09.03T09:41:24,10.17,2100
000001,2018.09.03T09:41:24,10.17,100
000001,2018.09.03T09:41:24,10.17,8000
000001,2018.09.03T09:41:25,10.17,7900
000001,2018.09.03T09:41:25,10.17,2500
000001,2018.09.03T09:41:25,10.17,100
000001,2018.09.03T09:41:26,10.18,1600
000001,2018.09.03T09:41:26,10.18,3400
000001,2018.09.03T09:41:26,10.17,1000
000001,2018.09.03T09:41:27,10.17,1000
000001,2018.09.03T09:41:28,10.18,600
000001,2018.09.03T09:41:28,10.18,2000
000001,2018.09.03T09:41:28,10.18,1000
000001,2018.09.03T09:41:28,10.18,1000
000001,2018.09.03T09:41:28,10.18,12700
000001,2018.09.03T09:41:28,10.17,300
000001,2018.09.03T09:41:30,10.17,500
000001,2018.09.03T09:41:30,10.17,5000
000001,2018.09.03T09:41:30,10.17,32600
000001,2018.09.03T09:41:30,10.17,400
000001,2018.09.03T09:41:30,10.17,26500
000001,2018.09.03T09:41:30,10.16,10000
000001,2018.09.03T09:41:31,10.17,400
000001,2018.09.03T09:41:31,10.16,100
000001,2018.09.03T09:41:31,10.16,1000
000001,2018.09.03T09:41:31,10.18,2000
000001,2018.09.03T09:41:33,10.17,400
000001,2018.09.03T09:41:35,10.17,100
000001,2018.09.03T09:41:35,10.17,300
000001,2018.09.03T09:41:35,10.17,100
000001,2018.09.03T09:41:35,10.17,100
000001,2018.09.03T09:41:35,10.17,200
000001,2018.09.03T09:41:35,10.17,100
000001,2018.09.03T09:41:36,10.17,400
000001,2018.09.03T09:41:36,10.16,900
000001,2018.09.03T09:41:36,10.16,400
000001,2018.09.03T09:41:36,10.18,2400
000001,2018.09.03T09:41:39,10.17,100
000001,2018.09.03T09:41:41,10.17,1900
000001,2018.09.03T09:41:41,10.17,900
000001,2018.09.03T09:41:41,10.17,200
000001,2018.09.03T09:41:41,10.18,2900
000001,2018.09.03T09:41:41,10.18,100
000001,2018.09.03T09:41:41,10.17,3000
000001,2018.09.03T09:41:43,10.18,100
000001,2018.09.03T09:41:43,10.18,400
000001,2018.09.03T09:41:43,10.18,2000
000001,2018.09.03T09:41:43,10.18,4400
000001,2018.09.03T09:41:43,10.19,3500
000001,2018.09.03T09:41:43,10.18,900
000001,2018.09.03T09:41:43,10.18,200
000001,2018.09.03T09:41:43,10.18,100
000001,2018.09.03T09:41:43,10.18,2000
000001,2018.09.03T09:41:44,10.17,3200
000001,2018.09.03T09:41:46,10.17,2100
000001,2018.09.03T09:41:46,10.18,900
000001,2018.09.03T09:41:47,10.18,1000
000001,2018.09.03T09:41:47,10.18,800
000001,2018.09.03T09:41:48,10.18,3000
000001,2018.09.03T09:41:49,10.18,8200
000001,2018.09.03T09:41:53,10.17,1000
000001,2018.09.03T09:41:54,10.18,1100
000001,2018.09.03T09:41:54,10.18,900
000001,2018.09.03T09:41:54,10.17,1300
000001,2018.09.03T09:41:54,10.17,500
000001,2018.09.03T09:41:55,10.18,2000
000001,2018.09.03T09:41:55,10.18,1000
000001,2018.09.03T09:41:55,10.18,500
000001,2018.09.03T09:41:58,10.18,500
000001,2018.09.03T09:41:58,10.18,100
000001,2018.09.03T09:41:59,10.18,100
000001,2018.09.03T09:41:59,10.17,1200
000001,2018.09.03T09:41:59,10.17,8100
000001,2018.09.03T09:41:59,10.17,100
000001,2018.09.03T09:41:59,10.17,600
000001,2018.09.03T09:41:59,10.17,100
000001,2018.09.03T09:41:59,10.17,500
000001,2018.09.03T09:41:59,10.17,100
000001,2018.09.03T09:41:59,10.17,100
000001,2018.09.03T09:41:59,10.17,100
000001,2018.09.03T09:41:59,10.17,400
000001,2018.09.03T09:41:59,10.17,1000
000001,2018.09.03T09:41:59,10.17,2200
000001,2018.09.03T09:41:59,10.17,100
000001,2018.09.03T09:41:59,10.17,100
000001,2018.09.03T09:41:59,10.17,200
000001,2018.09.03T09:41:59,10.17,400
000001,2018.09.03T09:41:59,10.17,400
000001,2018.09.03T09:41:59,10.17,5700
000001,2018.09.03T09:42:00,10.17,3000
000001,2018.09.03T09:42:00,10.18,200
000001,2018.09.03T09:42:01,10.17,11700
000001,2018.09.03T09:42:02,10.17,700
000001,2018.09.03T09:42:02,10.17,100
000001,2018.09.03T09:42:03,10.18,1300
000001,2018.09.03T09:42:03,10.18,100
000001,2018.09.03T09:42:03,10.18,100
000001,2018.09.03T09:42:03,10.18,1000
000001,2018.09.03T09:42:03,10.18,3000
000001,2018.09.03T09:42:03,10.18,700
000001,2018.09.03T09:42:04,10.19,1200
000001,2018.09.03T09:42:04,10.19,200
000001,2018.09.03T09:42:04,10.19,100
000001,2018.09.03T09:42:05,10.17,20000
000001,2018.09.03T09:42:05,10.18,1000
000001,2018.09.03T09:42:05,10.18,100
000001,2018.09.03T09:42:05,10.17,37800
000001,2018.09.03T09:42:07,10.17,100
000001,2018.09.03T09:42:07,10.18,400
000001,2018.09.03T09:42:08,10.19,800
000001,2018.09.03T09:42:10,10.18,2800
000001,2018.09.03T09:42:10,10.18,200
000001,2018.09.03T09:42:11,10.18,400
000001,2018.09.03T09:42:12,10.18,300
000001,2018.09.03T09:42:12,10.18,100
000001,2018.09.03T09:42:12,10.17,9600
000001,2018.09.03T09:42:14,10.18,600
000001,2018.09.03T09:42:14,10.18,600
000001,2018.09.03T09:42:14,10.18,400
000001,2018.09.03T09:42:15,10.18,2200
000001,2018.09.03T09:42:17,10.18,2400
000001,2018.09.03T09:42:17,10.18,3000
000001,2018.09.03T09:42:17,10.18,300
000001,2018.09.03T09:42:17,10.18,100
000001,2018.09.03T09:42:17,10.18,1200
000001,2018.09.03T09:42:17,10.18,5400
000001,2018.09.03T09:42:17,10.18,400
000001,2018.09.03T09:42:17,10.17,1000
000001,2018.09.03T09:42:17,10.17,100
000001,2018.09.03T09:42:17,10.17,100
000001,2018.09.03T09:42:17,10.17,4832
000001,2018.09.03T09:42:17,10.17,100
000001,2018.09.03T09:42:18,10.18,9200
000001,2018.09.03T09:42:18,10.18,900
000001,2018.09.03T09:42:20,10.17,800
000001,2018.09.03T09:42:20,10.17,300
000001,2018.09.03T09:42:20,10.17,200
000001,2018.09.03T09:42:20,10.17,1432
000001,2018.09.03T09:42:20,10.17,168
000001,2018.09.03T09:42:20,10.17,1000
000001,2018.09.03T09:42:20,10.17,900
000001,2018.09.03T09:42:20,10.17,500
000001,2018.09.03T09:42:20,10.17,700
000001,2018.09.03T09:42:20,10.17,500
000001,2018.09.03T09:42:21,10.18,4600
000001,2018.09.03T09:42:21,10.17,200
000001,2018.09.03T09:42:21,10.18,2200
000001,2018.09.03T09:42:24,10.18,2200
000001,2018.09.03T09:42:24,10.17,2268
000001,2018.09.03T09:42:24,10.17,900
000001,2018.09.03T09:42:24,10.17,832
000001,2018.09.03T09:42:24,10.17,800
000001,2018.09.03T09:42:24,10.17,200
000001,2018.09.03T09:42:25,10.18,5000
000001,2018.09.03T09:42:25,10.18,5000
000001,2018.09.03T09:42:26,10.18,200
000001,2018.09.03T09:42:26,10.18,100
000001,2018.09.03T09:42:27,10.18,100
000001,2018.09.03T09:42:27,10.18,200
000001,2018.09.03T09:42:28,10.18,1400
000001,2018.09.03T09:42:28,10.17,100
000001,2018.09.03T09:42:29,10.18,2000
000001,2018.09.03T09:42:29,10.17,468
000001,2018.09.03T09:42:29,10.17,1532
000001,2018.09.03T09:42:29,10.17,1000
000001,2018.09.03T09:42:30,10.18,700
000001,2018.09.03T09:42:30,10.18,300
000001,2018.09.03T09:42:33,10.18,1000
000001,2018.09.03T09:42:33,10.17,200
000001,2018.09.03T09:42:34,10.17,1268
000001,2018.09.03T09:42:34,10.17,200
000001,2018.09.03T09:42:34,10.17,100
000001,2018.09.03T09:42:34,10.17,132
